Drug Name,Manufacturer,Dosage Form,Strength,Package Size,Units Sold,Revenue,Sale Date,Region,Sales Representative,Channel
Drug B,Company W,Tablet,100 mg/ml,50 g,1500,"$43,833 ",2/7/2024,South America,Susan Hernandez,Clinics
Drug B,Company X,Cream,500 mg,100 ml,1194,"$48,717 ",8/8/2023,South America,Jackie Wagner,Clinics
Drug E,Company X,Capsule,50 mg,60,618,"$8,744 ",6/15/2024,Africa,Mariah Mccoy,Hospitals
Drug E,Company X,Injection,10 mg,100 ml,1455,"$25,321 ",7/15/2024,Asia,Courtney Doyle,Pharmacy
Drug C,Company V,Tablet,100 mg/ml,50 g,130,"$13,669 ",8/13/2023,South America,Dawn Torres,Clinics
Drug B,Company V,Capsule,100 mg/ml,10 ml,619,"$7,552 ",12/5/2023,Europe,Jessica Faulkner,Hospitals
Drug C,Company X,Cream,500 mg,30,1779,"$48,563 ",8/8/2023,North America,Alicia Howard,Hospitals
Drug B,Company X,Tablet,500 mg,10 ml,1727,"$13,672 ",12/30/2023,Asia,David Hill,Online Pharmacy
Drug A,Company V,Capsule,500 mg,50 g,451,"$45,835 ",11/14/2023,Asia,Matthew Johnson,Supermarkets
Drug C,Company X,Cream,10 mg,10 ml,1006,"$31,716 ",5/23/2024,Asia,Kimberly Murphy,Supermarkets
Drug C,Company Y,Capsule,50 mg,100 ml,1633,"$33,931 ",5/18/2024,Europe,Tyler Brown,Pharmacy
Drug A,Company Z,Cream,50 mg,30,128,"$35,258 ",11/8/2023,North America,Sheila Coleman,Online Pharmacy
Drug C,Company V,Injection,500 mg,10 ml,504,"$36,459 ",8/19/2023,Europe,Douglas Rodriguez,Pharmacy
Drug E,Company V,Cream,500 mg,100 ml,216,"$32,152 ",7/8/2024,Europe,Brandi King,Pharmacy
Drug E,Company V,Injection,10 mg,10 ml,1986,"$13,538 ",12/3/2023,Europe,Susan Brewer,Pharmacy
Drug A,Company W,Cream,50 mg,30,1977,"$9,566 ",7/13/2024,Africa,Latoya Wright,Online Pharmacy
Drug A,Company V,Tablet,100 mg/ml,50 g,1320,"$29,932 ",8/22/2023,North America,Richard Edwards,Clinics
Drug E,Company W,Cream,10 mg,30,1766,"$45,608 ",2/27/2024,South America,Mr. Michael Taylor,Pharmacy
Drug B,Company X,Syrup,100 mg/ml,60,1078,"$42,394 ",1/12/2024,South America,Angela Castro,Online Pharmacy
Drug C,Company X,Injection,500 mg,60,783,"$48,016 ",1/24/2024,Asia,Christie Brown,Clinics
Drug E,Company X,Capsule,100 mg/ml,60,1161,"$11,048 ",1/8/2024,Europe,Annette Fisher,Clinics
Drug A,Company X,Capsule,50 mg,50 g,1820,"$16,952 ",3/15/2024,Africa,Katelyn Smith,Hospitals
Drug D,Company V,Tablet,50 mg,60,147,"$28,543 ",5/25/2024,Africa,Crystal Lawrence,Hospitals
Drug B,Company Z,Capsule,250 mg,60,990,"$5,766 ",9/3/2023,North America,Katherine Sexton,Online Pharmacy
Drug B,Company Z,Injection,500 mg,60,223,"$23,153 ",3/20/2024,Asia,Felicia Jones,Online Pharmacy
Drug D,Company Z,Syrup,250 mg,50 g,855,"$22,920 ",1/22/2024,South America,Lisa Johnson,Supermarkets
Drug C,Company X,Cream,50 mg,100 ml,968,"$6,595 ",12/4/2023,Africa,Amber Hill,Hospitals
Drug B,Company W,Cream,10 mg,10 ml,1378,"$37,523 ",12/11/2023,South America,Rebecca Lawrence,Online Pharmacy
Drug B,Company Z,Tablet,500 mg,100 ml,1473,"$23,815 ",7/22/2024,South America,John Smith,Supermarkets
Drug C,Company X,Capsule,250 mg,100 ml,791,"$40,754 ",5/5/2024,Africa,Scott Jones,Hospitals
Drug C,Company V,Tablet,10 mg,50 g,1523,"$35,645 ",10/12/2023,South America,Cynthia Cook,Clinics
Drug E,Company W,Cream,250 mg,50 g,1214,"$1,820 ",3/8/2024,South America,Randy Dunn,Online Pharmacy
Drug C,Company V,Injection,250 mg,60,440,"$13,578 ",6/27/2024,Asia,Michael Cisneros,Hospitals
Drug D,Company Y,Syrup,10 mg,60,1574,"$47,682 ",4/14/2024,Africa,Crystal Keller,Supermarkets
Drug A,Company W,Cream,250 mg,50 g,1880,"$41,604 ",1/4/2024,North America,Christina Lopez,Pharmacy
Drug E,Company Z,Tablet,100 mg/ml,10 ml,383,"$21,024 ",1/7/2024,South America,Christopher Taylor,Hospitals
Drug E,Company Y,Injection,10 mg,10 ml,253,"$18,363 ",6/16/2024,South America,Lisa Alvarado,Online Pharmacy
Drug C,Company Y,Syrup,100 mg/ml,30,1818,"$2,347 ",1/29/2024,Africa,Kerry Oneill,Online Pharmacy
Drug E,Company Z,Tablet,250 mg,50 g,1351,"$41,781 ",10/2/2023,Asia,Stephanie Collins,Clinics
Drug B,Company Y,Syrup,50 mg,10 ml,1904,"$34,028 ",9/6/2023,Africa,Brian Williams,Hospitals
Drug B,Company W,Injection,100 mg/ml,10 ml,1954,"$6,369 ",9/12/2023,Africa,Laura Vance,Supermarkets
Drug A,Company V,Capsule,100 mg/ml,60,1042,"$18,788 ",10/30/2023,Europe,Sierra Edwards,Clinics
Drug D,Company V,Cream,250 mg,10 ml,1564,"$22,868 ",9/21/2023,South America,Lisa Hunter,Supermarkets
Drug C,Company Y,Syrup,100 mg/ml,100 ml,1741,"$16,211 ",4/8/2024,Africa,Jeffrey Lane,Clinics
Drug C,Company V,Syrup,250 mg,50 g,565,"$32,496 ",11/7/2023,South America,Terri Floyd,Supermarkets
Drug C,Company V,Capsule,500 mg,50 g,293,"$40,588 ",5/21/2024,North America,Patrick Valenzuela,Supermarkets
Drug E,Company Y,Capsule,500 mg,10 ml,1032,"$23,173 ",2/4/2024,Africa,Todd Roberts,Supermarkets
Drug A,Company Z,Capsule,250 mg,10 ml,1315,"$3,801 ",12/27/2023,South America,Jessica Donovan,Clinics
Drug B,Company X,Syrup,100 mg/ml,60,1499,"$18,175 ",8/21/2023,Europe,Sean Smith,Pharmacy
Drug B,Company Z,Capsule,250 mg,50 g,1427,"$1,053 ",7/25/2024,Europe,Laura Brown,Clinics
Drug A,Company V,Syrup,500 mg,60,1044,"$29,042 ",11/12/2023,North America,Dr. Michael Ortiz,Hospitals
Drug B,Company W,Cream,10 mg,60,257,"$28,677 ",12/8/2023,Africa,Paul Valdez,Online Pharmacy
Drug A,Company V,Capsule,50 mg,30,1768,"$40,547 ",12/3/2023,Africa,Cassandra Diaz,Hospitals
Drug B,Company X,Syrup,250 mg,50 g,654,"$16,542 ",11/13/2023,Asia,Matthew Richards,Hospitals
Drug C,Company Z,Tablet,100 mg/ml,60,1137,"$33,706 ",7/17/2024,North America,Travis Gonzalez,Hospitals
Drug E,Company X,Capsule,10 mg,30,739,"$38,821 ",12/8/2023,South America,Sandra Murray,Pharmacy
Drug A,Company X,Capsule,10 mg,100 ml,1610,"$5,779 ",9/29/2023,North America,Tammy Harper,Pharmacy
Drug D,Company V,Syrup,500 mg,60,1703,"$7,678 ",2/2/2024,Africa,Dwayne Johnson,Hospitals
Drug B,Company Y,Cream,250 mg,60,1639,"$15,878 ",9/15/2023,Europe,Mary Dorsey,Pharmacy
Drug B,Company W,Capsule,10 mg,100 ml,1219,"$48,415 ",3/28/2024,South America,Brian Beasley,Supermarkets
Drug A,Company X,Syrup,50 mg,100 ml,871,"$41,051 ",1/1/2024,Asia,Russell Wong,Hospitals
Drug C,Company W,Cream,250 mg,50 g,995,"$17,900 ",2/8/2024,South America,Jason Levy,Online Pharmacy
Drug B,Company X,Injection,250 mg,30,1446,"$37,654 ",11/30/2023,Africa,Lindsey Shepherd,Hospitals
Drug B,Company X,Tablet,10 mg,60,1269,"$22,319 ",11/20/2023,North America,Matthew Nolan,Online Pharmacy
Drug A,Company W,Syrup,50 mg,10 ml,1232,"$19,247 ",3/26/2024,Europe,Stephen Schroeder,Hospitals
Drug A,Company X,Tablet,50 mg,30,814,"$25,411 ",12/23/2023,South America,Jennifer Taylor,Online Pharmacy
Drug B,Company V,Syrup,10 mg,100 ml,157,"$3,809 ",4/23/2024,South America,John Ewing,Supermarkets
Drug A,Company Y,Syrup,10 mg,30,272,"$39,524 ",7/9/2024,South America,Kimberly Blackburn,Pharmacy
Drug B,Company W,Cream,500 mg,50 g,1222,"$19,740 ",11/18/2023,South America,Michael Jones,Pharmacy
Drug D,Company X,Capsule,250 mg,10 ml,151,"$18,797 ",2/10/2024,Europe,Jacob Salinas,Hospitals
Drug D,Company V,Capsule,500 mg,10 ml,798,"$23,785 ",7/3/2024,South America,Brianna Alexander,Online Pharmacy
Drug A,Company W,Injection,50 mg,10 ml,310,"$31,204 ",8/19/2023,South America,Patricia Gonzales,Online Pharmacy
Drug B,Company X,Tablet,50 mg,10 ml,1280,"$45,096 ",6/19/2024,Europe,Caitlyn Juarez,Online Pharmacy
Drug C,Company V,Syrup,100 mg/ml,50 g,1776,"$30,640 ",6/14/2024,Europe,Willie Horn,Pharmacy
Drug E,Company Y,Cream,500 mg,30,784,"$25,665 ",5/5/2024,South America,Tracy Bond,Hospitals
Drug A,Company Y,Injection,250 mg,60,1936,"$40,605 ",11/29/2023,Africa,Mark Martin,Online Pharmacy
Drug D,Company V,Cream,10 mg,50 g,1675,"$29,315 ",11/7/2023,Africa,William Wolf MD,Pharmacy
Drug E,Company X,Capsule,500 mg,100 ml,906,"$10,256 ",8/21/2023,South America,Kelsey Phillips,Online Pharmacy
Drug C,Company X,Cream,10 mg,60,873,"$44,797 ",9/23/2023,North America,Corey Weaver,Hospitals
Drug C,Company V,Cream,250 mg,30,1227,"$37,132 ",5/9/2024,South America,Brendan Garza,Pharmacy
Drug C,Company Y,Capsule,500 mg,30,1921,"$8,234 ",7/29/2023,South America,Jeanette Vasquez,Pharmacy
Drug A,Company Z,Syrup,500 mg,10 ml,1907,"$11,906 ",4/5/2024,Asia,Jeffrey Rivera,Online Pharmacy
Drug D,Company Y,Cream,10 mg,60,1766,"$36,835 ",3/17/2024,Africa,Brandy Henderson,Pharmacy
Drug A,Company X,Syrup,250 mg,60,793,"$45,468 ",11/26/2023,Africa,Robert Jones,Hospitals
Drug A,Company W,Cream,50 mg,100 ml,1738,"$22,945 ",2/21/2024,South America,Jason Caldwell,Supermarkets
Drug C,Company Z,Tablet,250 mg,100 ml,1088,"$46,398 ",7/8/2024,South America,Cynthia Thomas,Online Pharmacy
Drug C,Company W,Injection,250 mg,100 ml,643,"$1,303 ",6/9/2024,Africa,Alicia Lambert,Hospitals
Drug D,Company X,Syrup,250 mg,10 ml,1498,"$33,259 ",7/27/2024,South America,Michelle Abbott,Hospitals
Drug E,Company V,Injection,250 mg,30,1558,"$8,553 ",12/15/2023,Asia,Robin Roth,Hospitals
Drug D,Company Y,Capsule,50 mg,30,1423,"$28,304 ",12/27/2023,Asia,Emily Mills,Online Pharmacy
Drug D,Company V,Capsule,100 mg/ml,10 ml,1777,"$33,795 ",2/11/2024,South America,Michael Roberson,Pharmacy
Drug E,Company V,Tablet,250 mg,100 ml,1908,"$34,115 ",11/3/2023,Asia,Heather Adams,Clinics
Drug C,Company X,Capsule,10 mg,100 ml,1291,"$30,051 ",1/7/2024,Europe,Anna Ford,Pharmacy
Drug A,Company V,Tablet,50 mg,10 ml,1702,"$29,950 ",8/13/2023,South America,Brian Greer,Pharmacy
Drug E,Company Z,Injection,500 mg,60,1367,"$30,714 ",4/13/2024,Africa,Joshua Gomez,Pharmacy
Drug D,Company V,Tablet,100 mg/ml,30,1583,"$45,689 ",8/27/2023,Asia,Michael Orr,Supermarkets
Drug E,Company V,Capsule,500 mg,100 ml,848,"$35,016 ",3/15/2024,South America,Elizabeth Powell,Supermarkets
Drug B,Company Y,Syrup,10 mg,100 ml,1886,"$11,515 ",6/10/2024,North America,Steven Decker,Supermarkets
Drug D,Company V,Tablet,250 mg,50 g,1391,"$49,897 ",9/17/2023,South America,Lisa Friedman,Supermarkets
Drug C,Company Z,Injection,250 mg,60,536,"$12,572 ",10/7/2023,Africa,Jeremy Brandt,Online Pharmacy
Drug B,Company Z,Injection,500 mg,60,1999,"$40,809 ",3/16/2024,South America,Cheryl Campbell,Pharmacy
Drug D,Company Z,Tablet,250 mg,10 ml,1192,"$39,757 ",7/20/2024,Africa,Emily Turner,Clinics
Drug D,Company W,Cream,250 mg,50 g,846,"$2,237 ",10/6/2023,North America,Cheryl Morris,Pharmacy
Drug A,Company X,Injection,500 mg,10 ml,731,"$35,093 ",10/23/2023,Africa,Richard Mendoza,Pharmacy
Drug A,Company W,Tablet,100 mg/ml,30,1943,"$44,592 ",5/19/2024,Asia,Isabel Whitaker,Pharmacy
Drug A,Company Y,Capsule,100 mg/ml,60,1017,"$29,700 ",10/18/2023,Asia,Darryl Nicholson,Hospitals
Drug A,Company X,Cream,500 mg,10 ml,929,"$37,018 ",7/23/2024,North America,Patricia Mclean,Clinics
Drug D,Company Z,Capsule,10 mg,60,811,"$44,885 ",11/20/2023,South America,Raymond Scott,Online Pharmacy
Drug E,Company Y,Syrup,500 mg,60,820,"$14,086 ",1/31/2024,Africa,Cindy Diaz,Online Pharmacy
Drug A,Company X,Syrup,100 mg/ml,60,698,"$27,380 ",7/26/2024,Africa,Timothy Bradley,Online Pharmacy
Drug C,Company Y,Capsule,250 mg,10 ml,679,"$35,477 ",7/2/2024,South America,Chad Lewis,Supermarkets
Drug C,Company V,Capsule,10 mg,50 g,1225,"$47,265 ",12/24/2023,South America,Ashley White,Pharmacy
Drug B,Company W,Syrup,250 mg,60,1913,"$37,244 ",12/6/2023,Africa,Emily Scott,Hospitals
Drug B,Company W,Tablet,100 mg/ml,10 ml,1381,"$43,046 ",7/28/2024,Europe,Kelly Berry,Online Pharmacy
Drug A,Company W,Injection,100 mg/ml,50 g,939,"$37,589 ",12/2/2023,Asia,Michael Miller,Supermarkets
Drug B,Company Z,Injection,10 mg,10 ml,472,"$7,516 ",2/6/2024,South America,Brian Coleman,Online Pharmacy
Drug C,Company Y,Syrup,100 mg/ml,100 ml,405,"$19,413 ",3/5/2024,Asia,James Sexton,Online Pharmacy
Drug E,Company Z,Cream,50 mg,10 ml,383,"$9,225 ",10/21/2023,North America,Mitchell Butler,Online Pharmacy
Drug C,Company Z,Syrup,100 mg/ml,10 ml,1863,"$35,677 ",3/11/2024,South America,Jeremy Mcdaniel,Hospitals
Drug E,Company V,Syrup,10 mg,100 ml,469,"$9,657 ",7/15/2024,South America,Heidi Joseph,Clinics
Drug A,Company Y,Injection,50 mg,50 g,1296,"$14,169 ",2/22/2024,Europe,Caitlyn Smith,Hospitals
Drug D,Company V,Tablet,250 mg,60,1350,"$24,407 ",5/13/2024,South America,Robert Brown,Hospitals
Drug B,Company V,Tablet,10 mg,50 g,930,"$3,721 ",2/11/2024,Europe,Catherine Porter,Online Pharmacy
Drug C,Company V,Capsule,10 mg,10 ml,1185,"$43,131 ",3/3/2024,Asia,Angela Pierce,Clinics
Drug E,Company V,Capsule,50 mg,60,179,"$37,526 ",10/20/2023,South America,Jason Taylor,Supermarkets
Drug B,Company Y,Injection,10 mg,30,1859,"$27,781 ",1/9/2024,South America,Stephen Rodriguez,Pharmacy
Drug D,Company V,Capsule,50 mg,60,1089,"$6,993 ",9/16/2023,Africa,Lisa Gross,Online Pharmacy
Drug A,Company Y,Tablet,10 mg,10 ml,1428,"$38,657 ",10/9/2023,Africa,Wyatt Norris,Online Pharmacy
Drug A,Company X,Syrup,500 mg,10 ml,431,"$42,644 ",2/11/2024,Africa,Victoria Maldonado,Supermarkets
Drug B,Company Z,Capsule,50 mg,50 g,1670,"$44,138 ",3/10/2024,Africa,Stacey Jordan,Hospitals
Drug D,Company Y,Tablet,100 mg/ml,100 ml,206,"$5,211 ",5/5/2024,North America,Isabella Alvarado,Hospitals
Drug A,Company X,Cream,100 mg/ml,100 ml,1499,"$42,504 ",11/2/2023,South America,Anna Griffin,Pharmacy
Drug B,Company X,Cream,500 mg,60,1503,"$24,284 ",6/14/2024,North America,Jason Sanders,Online Pharmacy
Drug A,Company Z,Syrup,250 mg,60,1473,"$49,653 ",9/23/2023,North America,Kevin Sanford,Online Pharmacy
Drug D,Company V,Capsule,100 mg/ml,10 ml,1294,"$14,645 ",6/15/2024,South America,Corey Miller,Pharmacy
Drug E,Company Y,Syrup,500 mg,100 ml,1337,"$21,269 ",1/13/2024,Europe,Ronald Caldwell,Clinics
Drug B,Company X,Tablet,100 mg/ml,50 g,580,"$15,529 ",7/18/2024,South America,Andre Castillo,Hospitals
Drug D,Company V,Tablet,500 mg,60,1872,"$30,435 ",8/12/2023,Africa,Jessica Nelson,Pharmacy
Drug A,Company W,Capsule,500 mg,10 ml,532,"$28,042 ",8/5/2023,South America,Darin Smith,Clinics
Drug A,Company Z,Tablet,100 mg/ml,100 ml,181,"$32,650 ",5/18/2024,North America,Carmen Bailey,Supermarkets
Drug B,Company V,Capsule,500 mg,10 ml,422,"$32,388 ",12/2/2023,Europe,Kristopher Martinez,Online Pharmacy
Drug D,Company V,Cream,500 mg,100 ml,892,"$9,396 ",12/14/2023,South America,Joseph Brewer,Clinics
Drug A,Company X,Cream,250 mg,30,1964,"$11,786 ",5/21/2024,Asia,Michael Guzman,Supermarkets
Drug C,Company Z,Tablet,250 mg,30,1698,"$19,170 ",7/29/2023,Europe,Theresa Hansen,Pharmacy
Drug B,Company X,Cream,500 mg,60,1222,"$28,574 ",12/19/2023,North America,Daniel Murillo,Clinics
Drug B,Company V,Syrup,50 mg,10 ml,604,"$38,185 ",3/10/2024,South America,Jake Cook,Supermarkets
Drug E,Company Z,Cream,250 mg,50 g,1811,"$42,397 ",8/8/2023,Asia,Gary Grant,Online Pharmacy
Drug C,Company Y,Injection,250 mg,60,560,"$42,407 ",5/14/2024,Europe,Don Brown,Pharmacy
Drug C,Company X,Tablet,250 mg,10 ml,862,"$49,311 ",3/25/2024,Europe,Shelby Johnson,Online Pharmacy
Drug E,Company Z,Tablet,500 mg,50 g,1017,"$21,123 ",3/14/2024,Africa,Virginia Phillips,Clinics
Drug C,Company W,Cream,250 mg,30,1468,"$32,204 ",3/27/2024,South America,Melissa Kennedy,Online Pharmacy
Drug E,Company W,Syrup,10 mg,30,1647,"$21,201 ",2/8/2024,North America,Patricia Norris,Clinics
Drug A,Company V,Tablet,250 mg,30,254,"$43,256 ",8/31/2023,Africa,Taylor Barnes,Pharmacy
Drug D,Company Z,Syrup,50 mg,10 ml,1661,"$8,678 ",4/6/2024,Africa,Christina Montoya,Clinics
Drug B,Company Y,Syrup,10 mg,100 ml,1446,"$49,381 ",3/16/2024,Asia,Brittney Gonzales,Supermarkets
Drug D,Company V,Syrup,10 mg,100 ml,936,"$48,645 ",7/29/2023,Asia,Stephanie Williams,Supermarkets
Drug B,Company W,Injection,500 mg,30,1623,"$21,818 ",5/14/2024,South America,Hayden Rodriguez,Pharmacy
Drug A,Company V,Cream,50 mg,30,1318,"$7,513 ",7/3/2024,South America,Susan Mccoy,Supermarkets
Drug C,Company V,Injection,100 mg/ml,30,123,"$4,294 ",1/9/2024,Asia,Keith Payne,Hospitals
Drug D,Company Y,Tablet,50 mg,30,1466,"$24,941 ",7/22/2024,Africa,John Lindsey,Supermarkets
Drug D,Company Z,Cream,50 mg,60,390,"$46,339 ",8/10/2023,Africa,Hannah Long,Clinics
Drug C,Company V,Syrup,250 mg,50 g,1586,"$9,800 ",5/13/2024,Asia,Kevin Gates,Supermarkets
Drug D,Company Y,Syrup,500 mg,10 ml,739,"$48,204 ",2/6/2024,North America,Ricky Garner,Pharmacy
Drug C,Company Y,Capsule,10 mg,10 ml,1267,"$19,752 ",4/18/2024,Europe,Elizabeth Lopez,Online Pharmacy
Drug C,Company V,Tablet,250 mg,30,1834,"$37,074 ",7/12/2024,Asia,Gary Valencia,Online Pharmacy
Drug A,Company Y,Cream,250 mg,10 ml,667,"$7,794 ",4/2/2024,Africa,Emily Brown,Hospitals
Drug D,Company Z,Injection,10 mg,60,1360,"$33,904 ",8/30/2023,Africa,Richard Stewart,Pharmacy
Drug E,Company X,Tablet,50 mg,60,1124,"$15,758 ",11/1/2023,North America,Aaron Cline,Pharmacy
Drug E,Company W,Tablet,250 mg,60,236,"$46,906 ",8/26/2023,Europe,Joshua Phillips,Hospitals
Drug C,Company X,Tablet,50 mg,60,1134,"$13,081 ",3/17/2024,Africa,Tammy Wolfe,Clinics
Drug C,Company Z,Injection,250 mg,100 ml,1262,"$23,680 ",8/5/2023,Africa,Catherine Henry,Supermarkets
Drug B,Company Z,Capsule,100 mg/ml,10 ml,153,"$19,965 ",10/10/2023,North America,Tiffany Lane,Pharmacy
Drug A,Company W,Injection,500 mg,50 g,1159,"$49,694 ",4/29/2024,South America,Jodi Lowe,Supermarkets
Drug E,Company Z,Injection,500 mg,30,575,"$42,355 ",8/18/2023,South America,James Elliott,Pharmacy
Drug A,Company X,Capsule,250 mg,60,189,"$45,637 ",8/4/2023,Africa,Cody Williams,Pharmacy
Drug E,Company W,Capsule,250 mg,60,1132,"$46,407 ",1/12/2024,Europe,Brian Sanchez,Clinics
Drug C,Company X,Injection,100 mg/ml,100 ml,411,"$37,320 ",5/19/2024,North America,Teresa Taylor,Clinics
Drug D,Company Z,Syrup,50 mg,100 ml,165,"$26,575 ",12/13/2023,South America,Dana Sharp,Pharmacy
Drug A,Company Y,Injection,100 mg/ml,100 ml,1178,"$33,005 ",9/15/2023,Europe,Kevin Boyle,Supermarkets
Drug C,Company Y,Tablet,100 mg/ml,100 ml,526,"$43,392 ",1/10/2024,Africa,Dennis Wilson,Supermarkets
Drug D,Company Y,Syrup,250 mg,100 ml,1084,"$34,603 ",11/20/2023,South America,Darrell Parsons,Pharmacy
Drug D,Company Y,Capsule,50 mg,50 g,574,"$27,787 ",9/26/2023,North America,Charles Roberson,Pharmacy
Drug A,Company Y,Tablet,100 mg/ml,100 ml,1915,"$41,152 ",11/18/2023,North America,Jodi Reed,Online Pharmacy
Drug E,Company V,Cream,50 mg,100 ml,686,"$47,207 ",5/8/2024,South America,Lisa Williams,Hospitals
Drug C,Company V,Injection,100 mg/ml,10 ml,489,"$31,891 ",7/8/2024,South America,Meagan Braun,Supermarkets
Drug A,Company Y,Syrup,500 mg,60,1995,"$25,257 ",11/23/2023,South America,Michael Gibson,Pharmacy
Drug E,Company X,Syrup,500 mg,100 ml,1454,"$28,319 ",4/26/2024,Asia,Mark Rivas,Clinics
Drug C,Company W,Tablet,10 mg,10 ml,221,"$20,149 ",9/16/2023,Europe,Paul Sullivan,Pharmacy
Drug B,Company W,Tablet,100 mg/ml,100 ml,449,"$20,979 ",1/12/2024,Europe,Mr. Kevin Larson,Pharmacy
Drug B,Company Z,Injection,500 mg,60,1180,"$24,090 ",3/6/2024,South America,George White,Supermarkets
Drug A,Company W,Tablet,50 mg,30,898,"$10,545 ",8/21/2023,Asia,John Davis,Pharmacy
Drug A,Company W,Cream,10 mg,60,967,"$37,020 ",5/10/2024,Asia,Kevin Clark,Supermarkets
Drug A,Company W,Injection,50 mg,60,909,"$12,714 ",2/18/2024,Africa,John Orozco,Online Pharmacy
Drug A,Company Z,Capsule,100 mg/ml,100 ml,654,"$8,859 ",12/1/2023,Asia,Danielle Thomas,Hospitals
Drug C,Company V,Injection,500 mg,30,883,"$14,721 ",9/24/2023,South America,Yolanda Sims,Clinics
Drug B,Company W,Cream,100 mg/ml,100 ml,565,"$4,821 ",1/30/2024,Europe,John Allen,Clinics
Drug B,Company V,Capsule,250 mg,50 g,933,"$26,268 ",5/7/2024,North America,Larry Dunn,Hospitals
Drug C,Company W,Injection,100 mg/ml,10 ml,1793,"$12,451 ",6/24/2024,Africa,Robert Clark,Online Pharmacy
Drug E,Company V,Syrup,500 mg,100 ml,697,"$19,171 ",2/25/2024,Asia,Pamela Benson,Pharmacy
Drug D,Company V,Cream,250 mg,30,379,"$45,953 ",11/1/2023,Asia,Emily Wright,Supermarkets
Drug D,Company Y,Injection,10 mg,60,1640,"$18,487 ",10/5/2023,South America,Robert Johnson,Clinics
Drug C,Company X,Syrup,500 mg,10 ml,244,"$29,056 ",1/7/2024,Asia,Phillip Turner,Supermarkets
Drug C,Company Z,Tablet,10 mg,60,482,"$4,566 ",9/30/2023,Asia,Antonio Murphy,Online Pharmacy
Drug B,Company Y,Injection,500 mg,60,982,"$5,040 ",12/30/2023,Asia,Erin Cline,Hospitals
Drug D,Company X,Tablet,100 mg/ml,100 ml,401,"$33,003 ",11/10/2023,Asia,Jessica Morris,Hospitals
Drug C,Company X,Capsule,100 mg/ml,60,1315,"$13,838 ",2/7/2024,South America,Stephen Smith,Clinics
Drug B,Company W,Capsule,500 mg,10 ml,1986,"$21,856 ",1/15/2024,South America,Kayla Meyer,Pharmacy
Drug A,Company W,Cream,10 mg,100 ml,626,"$41,156 ",11/23/2023,North America,Cynthia Phillips,Pharmacy
Drug D,Company V,Tablet,50 mg,30,817,"$41,978 ",10/24/2023,Europe,James Smith,Clinics
Drug A,Company W,Syrup,50 mg,10 ml,1540,"$46,616 ",5/12/2024,Europe,Jacob Spencer,Clinics
Drug B,Company Y,Cream,50 mg,60,1352,"$9,133 ",1/11/2024,Africa,Joseph Marks,Supermarkets
Drug C,Company X,Injection,100 mg/ml,10 ml,428,"$26,054 ",9/10/2023,Asia,James Campbell,Pharmacy
Drug D,Company Z,Injection,250 mg,60,1934,"$41,356 ",4/21/2024,South America,Kristina Simpson,Hospitals
Drug C,Company Z,Capsule,10 mg,50 g,1826,"$2,719 ",1/6/2024,South America,Cody Robbins,Supermarkets
Drug E,Company Z,Tablet,50 mg,10 ml,594,"$11,887 ",8/28/2023,Africa,Karen Buchanan,Online Pharmacy
Drug D,Company W,Injection,250 mg,50 g,105,"$36,153 ",7/26/2024,Europe,James Haley,Pharmacy
Drug C,Company W,Tablet,250 mg,50 g,1169,"$21,685 ",11/22/2023,South America,Sarah Hammond,Clinics
Drug A,Company Z,Tablet,500 mg,30,1463,"$49,601 ",10/1/2023,Africa,Rebecca Jackson,Supermarkets
Drug C,Company W,Tablet,250 mg,50 g,1091,"$15,021 ",6/15/2024,North America,Angela Nunez,Hospitals
Drug C,Company Z,Injection,50 mg,10 ml,230,"$15,353 ",5/2/2024,Asia,Richard Gutierrez,Supermarkets
Drug E,Company X,Cream,500 mg,30,1603,"$46,470 ",12/14/2023,Africa,Barbara Kim,Supermarkets
Drug C,Company Y,Capsule,100 mg/ml,60,522,"$32,783 ",7/27/2024,Africa,Elizabeth Mcdaniel,Supermarkets
Drug A,Company W,Cream,50 mg,100 ml,302,"$9,722 ",3/11/2024,Europe,Jamie Fischer,Online Pharmacy
Drug E,Company V,Tablet,250 mg,10 ml,664,"$32,835 ",12/16/2023,North America,Andre Bauer,Pharmacy
Drug B,Company V,Tablet,500 mg,60,1701,"$36,720 ",1/17/2024,Asia,Robert Graham,Supermarkets
Drug B,Company W,Capsule,500 mg,30,1048,"$1,486 ",12/25/2023,Africa,Elizabeth Adams,Supermarkets
Drug D,Company Y,Tablet,250 mg,10 ml,1570,"$17,354 ",8/9/2023,Africa,Richard Lawson,Hospitals
Drug D,Company X,Tablet,500 mg,30,109,"$17,302 ",7/30/2023,Africa,Christopher Fischer,Supermarkets
Drug D,Company Z,Capsule,100 mg/ml,10 ml,141,"$19,153 ",10/28/2023,Europe,Jasmine Day,Supermarkets
Drug B,Company X,Cream,10 mg,60,1239,"$36,616 ",1/6/2024,Africa,Lisa Cordova,Clinics
Drug D,Company X,Tablet,50 mg,60,1499,"$4,766 ",6/13/2024,Africa,Alejandro Bishop,Online Pharmacy
Drug D,Company X,Tablet,10 mg,60,1869,"$25,748 ",11/5/2023,South America,David Anderson,Online Pharmacy
Drug C,Company W,Syrup,100 mg/ml,30,1355,"$27,880 ",3/7/2024,South America,Sara Chapman,Clinics
Drug C,Company V,Capsule,100 mg/ml,30,1173,"$8,649 ",1/9/2024,South America,Kevin Wilson,Online Pharmacy
Drug D,Company Z,Syrup,10 mg,60,828,"$30,214 ",6/25/2024,North America,Edward Silva,Pharmacy
Drug C,Company W,Syrup,100 mg/ml,30,453,"$10,749 ",11/25/2023,Europe,Erika Robinson,Supermarkets
Drug C,Company Y,Injection,250 mg,50 g,132,"$17,487 ",12/28/2023,Asia,Lauren Baker,Supermarkets
Drug A,Company W,Cream,100 mg/ml,100 ml,620,"$32,593 ",11/1/2023,Asia,Christopher Wilson,Hospitals
Drug E,Company X,Tablet,10 mg,50 g,1423,"$21,911 ",4/6/2024,Africa,Steven Bray,Hospitals
Drug B,Company Z,Cream,500 mg,50 g,1308,"$16,623 ",7/26/2024,South America,Sharon Carter,Clinics
Drug E,Company Y,Injection,500 mg,60,460,"$29,993 ",3/16/2024,Africa,Gregg Yu,Pharmacy
Drug B,Company Z,Injection,50 mg,10 ml,1598,"$43,114 ",1/20/2024,North America,Bradley Pennington,Online Pharmacy
Drug E,Company W,Tablet,100 mg/ml,50 g,978,"$46,578 ",11/30/2023,Europe,Angelica Hensley,Hospitals
Drug B,Company Z,Tablet,50 mg,100 ml,1484,"$15,499 ",5/27/2024,North America,Benjamin Holloway,Pharmacy
Drug A,Company V,Cream,500 mg,100 ml,1807,"$37,740 ",9/11/2023,South America,Michael Williams,Clinics
Drug D,Company Z,Tablet,100 mg/ml,50 g,1197,"$36,217 ",2/28/2024,South America,William Ford,Online Pharmacy
Drug A,Company X,Injection,100 mg/ml,30,1169,"$33,004 ",6/11/2024,South America,Miss Elizabeth Evans,Online Pharmacy
Drug C,Company X,Syrup,10 mg,10 ml,1713,"$30,761 ",9/3/2023,North America,James Mccarty,Online Pharmacy
Drug D,Company X,Injection,500 mg,100 ml,1245,"$32,469 ",11/11/2023,Africa,Adam Cox,Pharmacy
Drug B,Company X,Injection,10 mg,50 g,454,"$37,133 ",1/19/2024,Europe,Brandon Cooper,Online Pharmacy
Drug C,Company Y,Cream,10 mg,30,1550,"$45,767 ",9/9/2023,North America,Cathy Gonzalez,Online Pharmacy
Drug D,Company V,Syrup,50 mg,100 ml,1488,"$19,770 ",7/11/2024,North America,Mrs. Hailey Johnson DDS,Online Pharmacy
Drug B,Company V,Syrup,250 mg,30,1207,"$29,546 ",11/8/2023,Europe,Austin Martinez,Pharmacy
Drug E,Company W,Injection,500 mg,30,751,"$46,620 ",4/16/2024,Europe,Stephanie Davis,Clinics
Drug A,Company V,Injection,100 mg/ml,60,1388,"$44,954 ",1/26/2024,Africa,Erica Bass,Clinics
Drug D,Company X,Tablet,100 mg/ml,100 ml,712,"$24,140 ",11/18/2023,Africa,Jonathan Brown,Hospitals
Drug A,Company Y,Tablet,500 mg,100 ml,1428,"$1,848 ",2/9/2024,Asia,Zachary Miller,Hospitals
Drug B,Company Y,Injection,250 mg,100 ml,1437,"$1,329 ",3/31/2024,South America,Dr. Laura Shaffer,Hospitals
Drug E,Company Z,Syrup,50 mg,60,818,"$34,522 ",3/13/2024,Europe,Paul Smith,Clinics
Drug D,Company Y,Tablet,10 mg,30,1094,"$34,972 ",5/11/2024,Europe,Stacey Hart,Online Pharmacy
Drug C,Company W,Capsule,50 mg,60,1882,"$1,492 ",12/17/2023,South America,Dr. Sara Wilson,Hospitals
Drug D,Company V,Tablet,250 mg,10 ml,1247,"$40,432 ",2/15/2024,Europe,Gary Lucas,Hospitals
Drug C,Company Y,Capsule,500 mg,100 ml,1989,"$14,261 ",10/25/2023,North America,Jacqueline Greene,Hospitals
Drug A,Company X,Cream,50 mg,100 ml,1725,"$26,182 ",11/18/2023,South America,Joseph Ross,Online Pharmacy
Drug E,Company V,Cream,50 mg,50 g,815,"$33,782 ",10/5/2023,Asia,John Davila,Pharmacy
Drug D,Company W,Syrup,250 mg,60,135,"$40,651 ",4/7/2024,Europe,Jerry Michael,Clinics
Drug A,Company X,Syrup,500 mg,30,1664,"$25,573 ",6/23/2024,South America,Christina Blankenship,Online Pharmacy
Drug D,Company V,Syrup,50 mg,50 g,1402,"$31,956 ",10/17/2023,Asia,Daniel Bryant,Clinics
Drug B,Company X,Capsule,250 mg,10 ml,153,"$30,983 ",1/7/2024,Africa,Maria Moore,Pharmacy
Drug B,Company X,Tablet,250 mg,60,399,"$21,160 ",7/4/2024,Europe,Danny Pennington,Hospitals
Drug C,Company X,Cream,100 mg/ml,50 g,314,"$43,409 ",2/15/2024,North America,Geoffrey Elliott,Pharmacy
Drug D,Company V,Cream,100 mg/ml,60,504,"$46,392 ",4/12/2024,South America,Heather Simmons,Pharmacy
Drug B,Company W,Injection,250 mg,30,214,"$10,257 ",11/2/2023,Asia,Mark Mckinney,Hospitals
Drug D,Company V,Capsule,10 mg,100 ml,1738,"$17,663 ",11/27/2023,Asia,Amy Dickson,Pharmacy
Drug B,Company V,Injection,100 mg/ml,30,167,"$4,175 ",8/15/2023,North America,Bradley Dean,Clinics
Drug A,Company X,Syrup,500 mg,30,1696,"$26,976 ",2/1/2024,South America,Dylan Warren,Pharmacy
Drug B,Company X,Cream,10 mg,10 ml,1216,"$32,615 ",10/22/2023,South America,Ryan Thompson,Hospitals
Drug C,Company V,Capsule,10 mg,10 ml,599,"$1,411 ",12/4/2023,North America,Alicia Flynn,Online Pharmacy
Drug D,Company W,Cream,250 mg,30,609,"$25,953 ",2/6/2024,North America,Felicia Wallace,Pharmacy
Drug B,Company V,Syrup,50 mg,10 ml,1199,"$4,779 ",6/4/2024,South America,Jeffrey Molina,Clinics
Drug E,Company Z,Syrup,50 mg,50 g,1238,"$30,313 ",2/11/2024,South America,Dustin Stephenson,Hospitals
Drug B,Company X,Cream,10 mg,60,354,"$11,544 ",6/25/2024,South America,Autumn Francis,Pharmacy
Drug D,Company V,Cream,50 mg,10 ml,489,"$48,883 ",1/5/2024,South America,Audrey Pennington,Online Pharmacy
Drug A,Company Z,Tablet,500 mg,10 ml,1042,"$34,649 ",7/13/2024,North America,Thomas Chapman,Online Pharmacy
Drug B,Company Z,Capsule,100 mg/ml,60,392,"$33,170 ",6/10/2024,Europe,David Johnson,Pharmacy
Drug D,Company Y,Injection,500 mg,100 ml,786,"$22,000 ",4/1/2024,Asia,Donna Lucas,Online Pharmacy
Drug A,Company V,Tablet,50 mg,100 ml,1347,"$29,744 ",7/19/2024,South America,Michael Robinson,Hospitals
Drug B,Company Y,Syrup,50 mg,60,499,"$14,526 ",4/10/2024,North America,Austin Martin,Hospitals
Drug E,Company Y,Capsule,50 mg,60,489,"$25,559 ",12/22/2023,South America,Julie Ferguson,Online Pharmacy
Drug E,Company W,Capsule,250 mg,30,963,"$24,965 ",10/4/2023,Europe,Justin Coffey,Hospitals
Drug A,Company Y,Cream,250 mg,100 ml,1650,"$36,514 ",6/26/2024,Europe,Daniel Kelly,Hospitals
Drug B,Company Z,Capsule,500 mg,100 ml,1826,"$46,602 ",7/10/2024,Asia,Leah Miller,Supermarkets
Drug D,Company V,Cream,500 mg,60,608,"$28,326 ",5/5/2024,North America,Amy Jackson,Clinics
Drug C,Company Y,Tablet,500 mg,100 ml,297,"$20,215 ",6/19/2024,Europe,Brian Dennis,Pharmacy
Drug C,Company Y,Cream,250 mg,60,1095,"$23,543 ",9/13/2023,South America,Elizabeth Branch,Clinics
Drug D,Company Z,Tablet,10 mg,30,1585,"$34,365 ",3/25/2024,Europe,Rebecca Baker,Hospitals
Drug E,Company W,Injection,500 mg,50 g,749,"$13,462 ",8/26/2023,Europe,Ryan Beck,Clinics
Drug B,Company X,Capsule,10 mg,50 g,1666,"$32,893 ",9/30/2023,North America,Annette Bartlett,Clinics
Drug A,Company W,Cream,50 mg,60,371,"$25,596 ",3/1/2024,Europe,Cameron Garcia,Online Pharmacy
Drug D,Company Y,Syrup,250 mg,100 ml,1663,"$20,214 ",12/9/2023,South America,Carlos Sawyer,Hospitals
Drug E,Company Z,Tablet,500 mg,50 g,698,"$1,522 ",8/3/2023,North America,Anthony Bell,Hospitals
Drug B,Company Y,Tablet,500 mg,50 g,1595,"$16,585 ",7/13/2024,Asia,Adam Brown,Online Pharmacy
Drug E,Company Y,Injection,100 mg/ml,60,1474,"$32,199 ",1/9/2024,South America,Phyllis Robertson,Clinics
Drug B,Company V,Cream,250 mg,10 ml,1611,"$37,594 ",6/4/2024,North America,Justin Hamilton,Pharmacy
Drug E,Company V,Injection,10 mg,10 ml,1876,"$26,559 ",8/28/2023,South America,Lucas Dunn,Online Pharmacy
Drug C,Company Z,Cream,500 mg,60,939,"$22,379 ",4/22/2024,Asia,Aaron Douglas,Online Pharmacy
Drug A,Company V,Cream,50 mg,60,1075,"$41,442 ",5/11/2024,Europe,Gregory Ross,Hospitals
Drug B,Company Y,Syrup,10 mg,30,868,"$41,228 ",6/19/2024,Europe,Corey Wong,Online Pharmacy
Drug E,Company X,Cream,50 mg,10 ml,1135,"$42,632 ",3/26/2024,Africa,Bobby Price,Online Pharmacy
Drug E,Company W,Capsule,250 mg,30,1780,"$28,351 ",9/28/2023,Asia,Nicole Jones,Supermarkets
Drug D,Company V,Injection,100 mg/ml,10 ml,833,"$42,915 ",4/2/2024,Asia,Bonnie Thompson,Clinics
Drug B,Company Z,Syrup,250 mg,10 ml,1134,"$26,634 ",3/26/2024,Asia,Dawn Rogers,Hospitals
Drug A,Company Y,Cream,50 mg,100 ml,1706,"$21,681 ",8/3/2023,Europe,Robert Kelley,Hospitals
Drug C,Company Z,Cream,250 mg,10 ml,1395,"$22,835 ",2/8/2024,Europe,Anna Jordan,Supermarkets
Drug E,Company X,Tablet,10 mg,100 ml,1693,"$31,240 ",6/26/2024,South America,Seth Jenkins,Online Pharmacy
Drug E,Company Y,Syrup,10 mg,30,1549,"$9,455 ",2/23/2024,Europe,Tiffany Brown,Pharmacy
Drug E,Company X,Cream,10 mg,10 ml,100,"$32,910 ",10/29/2023,North America,Michael Ortiz,Hospitals
Drug B,Company V,Cream,50 mg,50 g,826,"$24,350 ",11/10/2023,North America,Lauren Brown,Clinics
Drug C,Company W,Cream,500 mg,50 g,1308,"$17,828 ",1/13/2024,Asia,Barbara Richard,Supermarkets
Drug B,Company Y,Capsule,500 mg,100 ml,1691,"$37,249 ",10/25/2023,North America,Haley Maldonado,Supermarkets
Drug B,Company Z,Syrup,10 mg,10 ml,1028,"$7,222 ",4/1/2024,Africa,Timothy Crosby,Supermarkets
Drug D,Company Y,Cream,100 mg/ml,30,1134,"$5,856 ",11/3/2023,North America,Robin Benton,Hospitals
Drug A,Company V,Cream,250 mg,50 g,1503,"$19,148 ",6/26/2024,Asia,Mr. David Bennett,Pharmacy
Drug A,Company W,Tablet,500 mg,10 ml,1509,"$30,615 ",12/9/2023,Europe,Alexander Maynard,Hospitals
Drug D,Company V,Syrup,10 mg,10 ml,578,"$33,113 ",2/17/2024,Asia,Julia Stevens,Clinics
Drug C,Company V,Cream,250 mg,10 ml,1195,"$42,794 ",9/9/2023,North America,Kimberly Stewart,Online Pharmacy
Drug D,Company Y,Injection,50 mg,60,485,"$29,314 ",3/1/2024,North America,Rachel Allen,Pharmacy
Drug E,Company Z,Tablet,100 mg/ml,60,819,"$47,811 ",10/3/2023,South America,Tracy Erickson,Supermarkets
Drug C,Company X,Syrup,100 mg/ml,100 ml,1654,"$16,660 ",4/4/2024,South America,William Parks,Pharmacy
Drug D,Company W,Capsule,500 mg,60,1957,"$32,269 ",4/27/2024,Europe,Paul Morgan,Online Pharmacy
Drug E,Company Z,Cream,50 mg,60,799,"$10,708 ",3/24/2024,Europe,Jessica Vincent,Hospitals
Drug C,Company V,Cream,10 mg,100 ml,1532,"$5,489 ",4/13/2024,North America,Elizabeth Ray,Clinics
Drug A,Company W,Injection,250 mg,100 ml,1786,"$11,345 ",9/12/2023,Africa,James Graham,Hospitals
Drug B,Company Z,Syrup,50 mg,100 ml,1927,"$8,953 ",1/2/2024,Asia,Darrell Kelly,Hospitals
Drug D,Company W,Capsule,10 mg,60,1475,"$27,251 ",7/24/2024,Africa,Richard Thomas,Online Pharmacy
Drug C,Company X,Capsule,100 mg/ml,10 ml,290,"$16,582 ",5/8/2024,Asia,Laura Gregory,Clinics
Drug C,Company X,Tablet,50 mg,60,677,"$20,916 ",3/20/2024,Asia,David Castro,Online Pharmacy
Drug B,Company Y,Injection,50 mg,10 ml,1728,"$30,905 ",12/13/2023,North America,Jessica Webster,Hospitals
Drug D,Company Y,Capsule,50 mg,10 ml,709,"$16,636 ",10/7/2023,North America,Cristina Stevens,Clinics
Drug A,Company Y,Tablet,10 mg,60,1660,"$9,172 ",6/29/2024,North America,Lauren Bryant,Supermarkets
Drug C,Company Z,Capsule,500 mg,60,1530,"$15,055 ",7/29/2023,Asia,Adam Shelton,Supermarkets
Drug B,Company W,Tablet,500 mg,60,1804,"$17,065 ",9/22/2023,Asia,Ashley Pittman,Hospitals
Drug C,Company V,Tablet,10 mg,10 ml,847,"$20,074 ",6/8/2024,North America,Miss Amy Perry,Pharmacy
Drug D,Company Z,Injection,10 mg,50 g,1944,"$25,684 ",3/27/2024,Asia,Johnny Kim,Pharmacy
Drug B,Company Y,Capsule,500 mg,100 ml,1882,"$14,779 ",6/15/2024,Europe,Yvonne Rogers,Pharmacy
Drug C,Company W,Capsule,500 mg,50 g,377,"$20,905 ",2/28/2024,Europe,Mr. Kevin Duffy,Hospitals
Drug E,Company W,Injection,100 mg/ml,50 g,1784,"$11,761 ",8/26/2023,Asia,Angela Brown,Pharmacy
Drug C,Company X,Injection,50 mg,100 ml,1414,"$29,966 ",5/12/2024,Europe,Lauren Gilbert,Clinics
Drug B,Company Z,Syrup,100 mg/ml,60,1782,"$32,047 ",12/24/2023,Europe,Michael Solis,Hospitals
Drug B,Company V,Syrup,100 mg/ml,30,221,"$40,972 ",6/11/2024,Europe,Andre Skinner,Clinics
Drug C,Company W,Syrup,10 mg,60,1221,"$15,799 ",9/12/2023,North America,Jamie Martin,Clinics
Drug C,Company X,Cream,500 mg,60,1461,"$28,440 ",8/16/2023,Africa,Allison Alvarado,Supermarkets
Drug D,Company Z,Syrup,100 mg/ml,100 ml,1621,"$22,584 ",8/13/2023,Asia,Amy Anderson,Online Pharmacy
Drug A,Company Y,Capsule,50 mg,100 ml,587,"$49,864 ",10/13/2023,Africa,Ariel Brown,Supermarkets
Drug B,Company Y,Injection,10 mg,100 ml,902,"$15,266 ",10/14/2023,South America,John Newman,Clinics
Drug C,Company Z,Cream,10 mg,10 ml,447,"$5,128 ",11/24/2023,Asia,Jon Richardson,Supermarkets
Drug A,Company X,Injection,100 mg/ml,60,646,"$39,113 ",7/10/2024,South America,Sarah Burnett,Pharmacy
Drug D,Company V,Tablet,10 mg,100 ml,1135,"$12,514 ",8/27/2023,Asia,Jason Bradley,Online Pharmacy
Drug B,Company X,Capsule,250 mg,50 g,1494,"$45,452 ",12/16/2023,Africa,Brendan Harrington,Clinics
Drug C,Company X,Tablet,50 mg,50 g,279,"$32,754 ",1/14/2024,Africa,Danny Bernard,Hospitals
Drug E,Company V,Syrup,50 mg,50 g,302,"$20,937 ",5/28/2024,South America,Timothy Villanueva,Supermarkets
Drug D,Company Z,Injection,10 mg,10 ml,1306,"$35,777 ",5/7/2024,Europe,Jonathan Brown,Supermarkets
Drug D,Company W,Capsule,500 mg,50 g,1372,"$47,220 ",11/27/2023,North America,Amy Adams,Clinics
Drug C,Company X,Tablet,10 mg,60,873,"$28,524 ",10/1/2023,Asia,Lisa Williams,Hospitals
Drug C,Company X,Tablet,10 mg,60,1075,"$4,900 ",11/21/2023,Asia,Casey Coleman,Supermarkets
Drug A,Company Y,Cream,500 mg,10 ml,862,"$17,179 ",11/12/2023,Europe,Samuel Lopez,Clinics
Drug C,Company W,Syrup,100 mg/ml,10 ml,1872,"$42,474 ",8/1/2023,Asia,Joseph Johnson,Pharmacy
Drug E,Company V,Syrup,10 mg,50 g,1041,"$45,750 ",6/14/2024,Europe,Mark Reed,Hospitals
Drug C,Company W,Capsule,10 mg,60,149,"$40,553 ",11/4/2023,Europe,Maurice Mcintosh,Hospitals
Drug C,Company X,Injection,500 mg,60,996,"$6,016 ",6/19/2024,North America,Ryan Cardenas,Pharmacy
Drug B,Company Z,Injection,500 mg,60,1890,"$35,859 ",11/10/2023,South America,Rachel Robinson,Clinics
Drug B,Company X,Syrup,10 mg,30,770,"$15,607 ",10/17/2023,Africa,Charles Wagner,Supermarkets
Drug E,Company Y,Injection,50 mg,30,727,"$3,436 ",2/1/2024,Europe,Donna White,Online Pharmacy
Drug A,Company Z,Tablet,10 mg,100 ml,190,"$14,001 ",1/11/2024,Europe,Shane Burke,Supermarkets
Drug D,Company X,Cream,500 mg,10 ml,1248,"$33,631 ",12/16/2023,Asia,Daniel Newton,Clinics
Drug D,Company Z,Syrup,50 mg,30,1183,"$39,477 ",3/16/2024,North America,Anita Morgan,Clinics
Drug A,Company Z,Tablet,250 mg,60,1394,"$13,808 ",4/17/2024,Asia,Sheryl Ramos,Hospitals
Drug E,Company Z,Syrup,500 mg,100 ml,626,"$28,471 ",10/5/2023,Europe,Robert Cline,Clinics
Drug B,Company V,Injection,10 mg,60,1394,"$3,360 ",6/20/2024,Europe,Katherine Smith,Hospitals
Drug B,Company X,Tablet,250 mg,30,1699,"$25,685 ",11/20/2023,South America,Sarah Martin,Hospitals
Drug E,Company W,Cream,250 mg,30,364,"$20,390 ",9/13/2023,North America,Maria Sullivan,Hospitals
Drug B,Company X,Injection,100 mg/ml,60,1120,"$22,277 ",8/26/2023,South America,Janet Bates,Hospitals
Drug D,Company Y,Cream,50 mg,10 ml,323,"$22,108 ",8/26/2023,North America,Jorge Garcia,Online Pharmacy
Drug E,Company X,Capsule,500 mg,30,1394,"$45,719 ",9/23/2023,South America,Jacob Bennett,Online Pharmacy
Drug B,Company V,Syrup,250 mg,30,515,"$10,882 ",3/28/2024,Europe,Sarah Davila,Online Pharmacy
Drug D,Company Y,Capsule,50 mg,10 ml,1729,"$26,352 ",2/20/2024,Europe,Carolyn Rhodes,Supermarkets
Drug E,Company X,Capsule,50 mg,30,1208,"$39,952 ",3/10/2024,South America,Erik Silva,Supermarkets
Drug D,Company X,Syrup,10 mg,30,1657,"$21,133 ",3/28/2024,Africa,Eric Lee,Clinics
Drug A,Company W,Syrup,500 mg,60,1572,"$46,966 ",10/18/2023,North America,David Bell,Pharmacy
Drug A,Company Y,Injection,500 mg,60,901,"$37,255 ",10/25/2023,Africa,Raymond Aguirre,Clinics
Drug C,Company X,Injection,100 mg/ml,100 ml,814,"$11,345 ",2/8/2024,Asia,Juan Webb,Supermarkets
Drug E,Company X,Injection,50 mg,10 ml,1124,"$18,402 ",12/30/2023,South America,Matthew Johnson,Online Pharmacy
Drug B,Company X,Injection,250 mg,100 ml,1609,"$12,823 ",6/27/2024,Asia,Daniel Poole,Online Pharmacy
Drug E,Company X,Injection,250 mg,50 g,846,"$39,016 ",2/20/2024,South America,Joseph Howard,Clinics
Drug A,Company V,Cream,250 mg,50 g,859,"$49,397 ",8/29/2023,Africa,Madison Butler,Online Pharmacy
Drug E,Company V,Tablet,250 mg,10 ml,389,"$3,098 ",5/10/2024,Asia,Cameron Hunter,Hospitals
Drug B,Company Z,Injection,500 mg,60,1964,"$38,375 ",11/24/2023,South America,James Smith,Clinics
Drug A,Company Y,Injection,100 mg/ml,60,764,"$2,858 ",8/25/2023,North America,Brian Dodson,Hospitals
Drug D,Company Y,Syrup,500 mg,30,1326,"$20,696 ",6/11/2024,North America,Savannah Brown,Clinics
Drug E,Company Z,Cream,50 mg,50 g,229,"$17,960 ",3/12/2024,Asia,John Gates,Clinics
Drug E,Company V,Tablet,50 mg,10 ml,1201,"$15,965 ",4/5/2024,South America,Christine Willis,Clinics
Drug B,Company V,Tablet,500 mg,60,498,"$17,227 ",3/31/2024,South America,Rebecca Taylor,Clinics
Drug E,Company W,Capsule,500 mg,60,1171,"$1,301 ",10/3/2023,Asia,Lauren Johnson,Pharmacy
Drug D,Company Y,Injection,10 mg,30,429,"$1,770 ",5/30/2024,Europe,Candace Bowen,Supermarkets
Drug A,Company Z,Capsule,50 mg,60,149,"$24,712 ",7/24/2024,Asia,Chase Melendez,Online Pharmacy
Drug B,Company Y,Cream,250 mg,60,832,"$41,916 ",4/19/2024,South America,Mr. Austin Park,Online Pharmacy
Drug C,Company X,Syrup,500 mg,50 g,324,"$40,529 ",8/16/2023,Africa,Wendy Cowan,Clinics
Drug E,Company Y,Capsule,500 mg,10 ml,244,"$34,645 ",4/14/2024,South America,Shelly Ball,Clinics
Drug E,Company Z,Syrup,50 mg,60,298,"$26,167 ",11/17/2023,Europe,Nancy Evans,Supermarkets
Drug E,Company X,Syrup,100 mg/ml,30,1148,"$49,962 ",12/22/2023,Europe,Cathy Hooper,Clinics
Drug E,Company Z,Syrup,250 mg,60,1090,"$1,972 ",12/31/2023,Africa,Amy Garcia,Pharmacy
Drug B,Company V,Injection,100 mg/ml,100 ml,1944,"$26,394 ",5/1/2024,Europe,Deborah Lopez,Pharmacy
Drug E,Company Z,Injection,10 mg,30,835,"$30,738 ",6/23/2024,Africa,Tiffany Lucas,Supermarkets
Drug A,Company V,Injection,10 mg,100 ml,1156,"$38,835 ",4/14/2024,Europe,Karen Garcia,Pharmacy
Drug C,Company Z,Cream,500 mg,60,728,"$11,807 ",1/8/2024,Asia,Tracy Wagner,Pharmacy
Drug E,Company Z,Syrup,250 mg,100 ml,1706,"$30,997 ",11/8/2023,South America,Kimberly Hudson,Online Pharmacy
Drug B,Company W,Cream,10 mg,60,1281,"$18,807 ",7/3/2024,Europe,Walter Maldonado,Clinics
Drug A,Company Z,Capsule,100 mg/ml,30,1507,"$30,246 ",5/12/2024,North America,Tyrone Doyle,Pharmacy
Drug C,Company W,Cream,100 mg/ml,10 ml,1337,"$1,231 ",9/21/2023,Europe,Sherry Adams,Pharmacy
Drug E,Company Z,Capsule,100 mg/ml,60,483,"$10,434 ",4/12/2024,Asia,Brooke Russell,Supermarkets
Drug E,Company X,Injection,250 mg,50 g,1562,"$4,538 ",11/27/2023,Europe,Stephanie Boyd,Supermarkets
Drug A,Company Y,Syrup,250 mg,50 g,1893,"$10,971 ",1/9/2024,Africa,Thomas Vega,Clinics
Drug B,Company X,Tablet,10 mg,10 ml,368,"$16,546 ",3/15/2024,Asia,Maria Lewis,Hospitals
Drug A,Company Z,Cream,50 mg,50 g,1781,"$2,138 ",1/30/2024,Europe,Alexis Luna,Hospitals
Drug D,Company X,Injection,250 mg,30,440,"$20,986 ",10/20/2023,Asia,Hannah Lynch,Clinics
Drug E,Company Z,Syrup,100 mg/ml,100 ml,214,"$43,574 ",10/13/2023,North America,Todd Ortiz,Pharmacy
Drug B,Company W,Tablet,500 mg,30,472,"$19,038 ",5/19/2024,North America,Wanda Salazar,Clinics
Drug B,Company W,Tablet,50 mg,30,1484,"$29,949 ",4/6/2024,Africa,Margaret Patel,Supermarkets
Drug C,Company X,Tablet,250 mg,100 ml,914,"$34,019 ",8/15/2023,North America,Kevin Morrow,Pharmacy
Drug C,Company Y,Capsule,10 mg,100 ml,1423,"$36,260 ",11/8/2023,Europe,Todd Lewis,Pharmacy
Drug A,Company Z,Tablet,500 mg,60,1566,"$16,223 ",2/2/2024,North America,Michael Hernandez,Supermarkets
Drug C,Company Z,Syrup,10 mg,30,908,"$43,749 ",10/22/2023,Africa,Allison Duran,Online Pharmacy
Drug A,Company X,Tablet,250 mg,60,1387,"$44,173 ",7/2/2024,North America,Angela Freeman,Pharmacy
Drug C,Company V,Capsule,250 mg,60,755,"$34,127 ",11/8/2023,South America,Jessica Andrews,Pharmacy
Drug A,Company V,Capsule,500 mg,100 ml,1434,"$43,000 ",1/25/2024,Asia,Jay Tate,Supermarkets
Drug B,Company Z,Syrup,50 mg,10 ml,1286,"$1,777 ",11/3/2023,Europe,Keith Davis,Hospitals
Drug D,Company V,Injection,500 mg,60,992,"$4,119 ",3/6/2024,Asia,Dennis Simmons,Hospitals
Drug B,Company Z,Injection,100 mg/ml,60,130,"$37,525 ",5/3/2024,Asia,Joshua Spencer,Hospitals
Drug C,Company W,Tablet,100 mg/ml,10 ml,1575,"$15,314 ",8/3/2023,Europe,Ronnie Becker,Pharmacy
Drug A,Company Y,Tablet,100 mg/ml,30,634,"$28,930 ",8/26/2023,North America,Brittany Knight,Online Pharmacy
Drug C,Company W,Cream,250 mg,100 ml,937,"$1,592 ",11/25/2023,Africa,Mrs. Tammy Ferguson,Hospitals
Drug A,Company W,Injection,100 mg/ml,60,653,"$40,612 ",10/11/2023,South America,Daniel Flores,Clinics
Drug E,Company W,Cream,500 mg,30,924,"$12,763 ",12/28/2023,Europe,Jocelyn Adams,Online Pharmacy
Drug A,Company Z,Injection,100 mg/ml,10 ml,1480,"$22,509 ",12/18/2023,Africa,Ronald Lopez,Online Pharmacy
Drug B,Company X,Cream,50 mg,30,1069,"$20,868 ",4/7/2024,Europe,Sarah Anderson,Supermarkets
Drug B,Company W,Syrup,250 mg,30,1480,"$28,254 ",6/13/2024,Asia,Bryan Gonzalez,Supermarkets
Drug E,Company W,Injection,50 mg,100 ml,1744,"$47,553 ",8/6/2023,North America,Steven Knox,Supermarkets
Drug E,Company Y,Injection,250 mg,30,343,"$15,580 ",9/6/2023,Asia,Anna Shepherd,Clinics
Drug E,Company V,Cream,100 mg/ml,50 g,1448,"$36,442 ",6/7/2024,North America,Shawn Delgado DVM,Clinics
Drug A,Company Z,Injection,100 mg/ml,50 g,1484,"$24,252 ",8/22/2023,Asia,Debra Nichols,Pharmacy
Drug C,Company Z,Injection,100 mg/ml,50 g,646,"$39,816 ",3/21/2024,South America,Leslie Cruz,Supermarkets
Drug B,Company W,Injection,500 mg,100 ml,873,"$19,598 ",3/27/2024,South America,Tamara Ryan,Clinics
Drug D,Company Z,Injection,500 mg,10 ml,507,"$2,658 ",11/17/2023,Europe,Lisa Wallace,Clinics
Drug E,Company Z,Injection,100 mg/ml,30,1465,"$22,742 ",6/19/2024,North America,Judy Alvarado,Clinics
Drug B,Company Z,Tablet,250 mg,50 g,917,"$16,758 ",2/27/2024,Europe,William Jones,Hospitals
Drug E,Company W,Cream,500 mg,50 g,450,"$4,842 ",4/21/2024,Asia,Timothy Lewis,Pharmacy
Drug D,Company V,Syrup,100 mg/ml,60,1036,"$28,098 ",10/2/2023,South America,Kristin Stewart,Clinics
Drug D,Company W,Tablet,50 mg,30,355,"$16,758 ",10/4/2023,Asia,Michael Gaines,Online Pharmacy
Drug E,Company Y,Capsule,10 mg,10 ml,159,"$10,132 ",10/13/2023,North America,Rebecca Turner,Pharmacy
Drug C,Company V,Injection,100 mg/ml,30,1835,"$48,131 ",4/21/2024,South America,Kevin Johnson,Pharmacy
Drug E,Company Y,Tablet,50 mg,30,345,"$23,783 ",10/15/2023,North America,Michelle Bowman,Online Pharmacy
Drug C,Company Z,Capsule,100 mg/ml,30,1701,"$38,134 ",6/6/2024,North America,Michael Burch,Clinics
Drug C,Company X,Capsule,10 mg,30,966,"$29,754 ",9/27/2023,North America,Angel Gonzalez,Pharmacy
Drug A,Company X,Cream,50 mg,50 g,1876,"$35,523 ",5/21/2024,North America,Tammy Dunlap,Pharmacy
Drug D,Company Z,Tablet,10 mg,100 ml,1589,"$39,611 ",7/16/2024,South America,John Ramirez,Hospitals
Drug E,Company Z,Syrup,100 mg/ml,60,1236,"$5,976 ",3/10/2024,Asia,Peter Barron,Supermarkets
Drug D,Company W,Capsule,100 mg/ml,30,406,"$19,800 ",10/6/2023,South America,Paige Davis,Online Pharmacy
Drug E,Company W,Capsule,250 mg,60,1477,"$42,087 ",1/11/2024,North America,Thomas Miller,Pharmacy
Drug C,Company Y,Syrup,100 mg/ml,100 ml,1684,"$49,229 ",5/9/2024,Europe,Miss Sara Hamilton,Online Pharmacy
Drug C,Company Y,Cream,100 mg/ml,50 g,849,"$45,151 ",8/2/2023,Europe,Brian Little,Online Pharmacy
Drug A,Company X,Tablet,500 mg,50 g,849,"$39,729 ",8/24/2023,South America,Charles White,Pharmacy
Drug D,Company W,Capsule,50 mg,30,1743,"$11,137 ",11/30/2023,Asia,Elizabeth Carrillo,Clinics
Drug E,Company Z,Injection,10 mg,50 g,359,"$14,269 ",11/7/2023,North America,Amber Garcia,Supermarkets
Drug B,Company Z,Tablet,100 mg/ml,100 ml,573,"$4,115 ",6/12/2024,South America,Katherine Velazquez,Supermarkets
Drug B,Company W,Cream,500 mg,10 ml,1330,"$28,423 ",9/16/2023,South America,Brian Barnes,Pharmacy
Drug E,Company Z,Tablet,100 mg/ml,30,1087,"$15,485 ",3/6/2024,Asia,Susan Osborne,Supermarkets
Drug B,Company W,Capsule,50 mg,100 ml,404,"$8,798 ",10/8/2023,Asia,Robin Owens,Supermarkets
Drug A,Company X,Cream,250 mg,60,1641,"$4,850 ",10/1/2023,North America,Mr. Erik Bennett,Hospitals
Drug D,Company X,Capsule,500 mg,50 g,1013,"$38,304 ",9/18/2023,Europe,Sarah Whitney,Pharmacy
Drug E,Company Z,Injection,10 mg,10 ml,434,"$32,258 ",7/23/2024,North America,Thomas Mitchell,Clinics
Drug D,Company Y,Injection,50 mg,30,857,"$25,111 ",8/30/2023,North America,Thomas Houston,Hospitals
Drug E,Company V,Cream,250 mg,30,1215,"$3,802 ",5/22/2024,South America,Kathleen Jenkins DVM,Supermarkets
Drug E,Company Y,Injection,250 mg,60,1206,"$30,473 ",10/9/2023,Asia,Sara Gillespie,Hospitals
Drug A,Company V,Cream,100 mg/ml,50 g,1028,"$26,345 ",1/2/2024,Europe,Jennifer Jones,Clinics
Drug B,Company X,Syrup,100 mg/ml,100 ml,1821,"$49,772 ",8/5/2023,Europe,James Gonzalez,Clinics
Drug D,Company Z,Capsule,100 mg/ml,100 ml,187,"$33,824 ",5/19/2024,North America,Katherine George,Supermarkets
Drug A,Company Z,Capsule,250 mg,10 ml,1978,"$10,298 ",4/27/2024,South America,Melissa Spence,Online Pharmacy
Drug D,Company W,Tablet,50 mg,50 g,310,"$8,780 ",12/21/2023,South America,Renee Thompson,Supermarkets
Drug C,Company V,Capsule,500 mg,30,1232,"$14,892 ",12/26/2023,Africa,David Hall,Clinics
Drug E,Company W,Tablet,100 mg/ml,100 ml,1147,"$31,546 ",12/3/2023,South America,Patricia Herrera,Supermarkets
Drug D,Company V,Capsule,10 mg,60,157,"$25,507 ",9/8/2023,Asia,Alan Sloan,Supermarkets
Drug A,Company X,Capsule,100 mg/ml,30,110,"$48,715 ",5/5/2024,South America,Tami Robles,Clinics
Drug C,Company V,Injection,50 mg,100 ml,1496,"$30,359 ",1/4/2024,Europe,Edgar Hughes,Online Pharmacy
Drug D,Company V,Syrup,50 mg,50 g,1677,"$14,519 ",5/9/2024,Africa,Melissa Gonzalez,Clinics
Drug C,Company Y,Syrup,10 mg,30,103,"$39,963 ",1/26/2024,North America,Joseph Gregory,Supermarkets
Drug D,Company W,Cream,250 mg,30,621,"$14,108 ",3/7/2024,Africa,Daniel Bray,Pharmacy
Drug B,Company V,Tablet,500 mg,30,467,"$42,438 ",4/14/2024,North America,Angela Gibson,Hospitals
Drug A,Company V,Syrup,50 mg,60,528,"$12,478 ",7/19/2024,Asia,Luke Moore,Pharmacy
Drug B,Company Y,Syrup,100 mg/ml,30,651,"$43,294 ",9/15/2023,Africa,Darren Allen,Pharmacy
Drug C,Company Y,Capsule,250 mg,100 ml,213,"$41,727 ",11/23/2023,Asia,Sarah Gallagher,Online Pharmacy
Drug A,Company Y,Cream,250 mg,50 g,1808,"$18,900 ",3/14/2024,Asia,Scott Chandler,Hospitals
Drug B,Company Z,Tablet,100 mg/ml,30,979,"$33,935 ",12/14/2023,Europe,Kathy Ward,Online Pharmacy
Drug E,Company W,Injection,100 mg/ml,10 ml,903,"$29,491 ",9/22/2023,Africa,Anthony Gutierrez,Online Pharmacy
Drug D,Company Z,Tablet,500 mg,10 ml,1873,"$47,958 ",11/9/2023,South America,Sharon Weiss,Hospitals
Drug D,Company X,Syrup,100 mg/ml,30,1575,"$39,809 ",12/25/2023,Asia,Monica Brown,Clinics
Drug A,Company V,Tablet,50 mg,60,1178,"$26,564 ",1/1/2024,Asia,Stephanie Savage,Online Pharmacy
Drug C,Company Y,Syrup,10 mg,30,136,"$28,942 ",10/31/2023,Europe,Miguel Harrell,Supermarkets
Drug C,Company W,Tablet,250 mg,50 g,177,"$38,415 ",1/20/2024,Europe,Carol Sullivan,Supermarkets
Drug C,Company V,Capsule,500 mg,10 ml,267,"$37,982 ",2/25/2024,Africa,Amanda Adams,Online Pharmacy
Drug A,Company Y,Syrup,10 mg,10 ml,539,"$28,332 ",6/23/2024,South America,Heather Shah,Hospitals
Drug B,Company Y,Cream,100 mg/ml,100 ml,1637,"$28,078 ",12/20/2023,South America,Michael Wright,Pharmacy
Drug E,Company V,Injection,100 mg/ml,50 g,895,"$1,117 ",4/16/2024,Africa,Rachel Chavez,Hospitals
Drug A,Company Z,Syrup,100 mg/ml,50 g,545,"$7,812 ",3/15/2024,Africa,Alexander Moore,Clinics
Drug D,Company Y,Syrup,10 mg,60,809,"$34,972 ",8/24/2023,Asia,Michael Scott,Hospitals
Drug E,Company X,Capsule,50 mg,50 g,251,"$33,441 ",8/7/2023,Europe,Miranda Price,Pharmacy
Drug D,Company X,Cream,100 mg/ml,50 g,954,"$6,130 ",8/20/2023,Africa,Harold Sullivan,Pharmacy
Drug B,Company V,Syrup,500 mg,50 g,1105,"$9,186 ",10/17/2023,North America,Renee Barton,Hospitals
Drug A,Company Z,Capsule,50 mg,50 g,280,"$41,256 ",4/3/2024,Asia,Kevin Patterson,Pharmacy
Drug C,Company Z,Syrup,250 mg,30,357,"$2,350 ",6/2/2024,South America,Philip Bennett,Online Pharmacy
Drug B,Company V,Cream,50 mg,60,1476,"$21,861 ",9/19/2023,Asia,David Walker,Pharmacy
Drug E,Company V,Cream,10 mg,100 ml,1448,"$37,724 ",12/8/2023,Europe,Sara Hill,Clinics
Drug D,Company Y,Syrup,100 mg/ml,50 g,1191,"$27,570 ",11/21/2023,Europe,Ethan Lewis,Hospitals
Drug B,Company X,Cream,250 mg,50 g,451,"$18,899 ",4/6/2024,North America,Cassandra Marshall,Pharmacy
Drug B,Company W,Capsule,50 mg,60,1978,"$23,993 ",6/4/2024,Europe,Michael Miller,Pharmacy
Drug D,Company V,Injection,10 mg,100 ml,403,"$4,075 ",3/16/2024,South America,Brenda Rice,Hospitals
Drug D,Company X,Cream,10 mg,50 g,309,"$38,835 ",3/8/2024,North America,Megan Ingram,Hospitals
Drug C,Company W,Injection,10 mg,10 ml,1448,"$13,865 ",12/8/2023,South America,Kevin Campbell,Supermarkets
Drug D,Company W,Cream,100 mg/ml,50 g,704,"$12,836 ",1/17/2024,Africa,Kelly Green,Clinics
Drug B,Company Y,Syrup,10 mg,30,165,"$32,484 ",7/11/2024,Africa,Terri Hernandez,Pharmacy
Drug B,Company W,Capsule,250 mg,10 ml,1824,"$12,594 ",12/11/2023,South America,Morgan Kelly,Hospitals
Drug A,Company Y,Tablet,50 mg,10 ml,1553,"$35,920 ",8/16/2023,Europe,Brenda Stewart,Pharmacy
Drug E,Company W,Tablet,250 mg,30,1114,"$45,080 ",10/14/2023,Africa,Patrick Hunt,Hospitals
Drug C,Company Y,Cream,100 mg/ml,60,1746,"$7,097 ",11/7/2023,Asia,Natalie Parks,Supermarkets
Drug D,Company V,Capsule,10 mg,30,1468,"$32,272 ",4/21/2024,South America,Shirley Hawkins,Supermarkets
Drug B,Company V,Injection,500 mg,50 g,230,"$41,305 ",4/9/2024,Europe,John Serrano,Clinics
Drug E,Company X,Capsule,500 mg,50 g,776,"$6,165 ",4/14/2024,Asia,Brian Young,Hospitals
Drug E,Company W,Tablet,500 mg,50 g,1071,"$3,760 ",9/9/2023,Europe,Elizabeth Collins,Hospitals
Drug B,Company Z,Capsule,500 mg,50 g,1137,"$1,699 ",11/23/2023,Europe,Sabrina Campbell,Supermarkets
Drug A,Company Y,Capsule,10 mg,60,787,"$47,912 ",6/9/2024,South America,Katrina Horn,Online Pharmacy
Drug D,Company Y,Injection,250 mg,30,1479,"$33,505 ",6/30/2024,South America,Jennifer Oconnell,Pharmacy
Drug C,Company V,Capsule,500 mg,100 ml,405,"$23,360 ",11/3/2023,South America,Jenny Cook,Online Pharmacy
Drug C,Company W,Cream,50 mg,10 ml,470,"$45,836 ",11/2/2023,South America,Hannah Wright,Online Pharmacy
Drug D,Company W,Capsule,10 mg,50 g,1864,"$26,663 ",4/21/2024,South America,Michael Perkins,Pharmacy
Drug B,Company X,Tablet,500 mg,50 g,1610,"$22,700 ",10/16/2023,Europe,Scott Fowler,Clinics
Drug A,Company X,Cream,10 mg,10 ml,1247,"$23,054 ",11/13/2023,Africa,Julie Fisher,Hospitals
Drug E,Company W,Injection,50 mg,60,1515,"$37,393 ",12/30/2023,North America,Troy Kennedy,Hospitals
Drug E,Company X,Syrup,500 mg,30,1064,"$11,558 ",7/12/2024,Europe,Jill Howard,Online Pharmacy
Drug A,Company Z,Syrup,100 mg/ml,50 g,336,"$7,855 ",8/28/2023,Asia,Miranda Jones,Supermarkets
Drug C,Company V,Tablet,500 mg,50 g,1334,"$30,566 ",12/19/2023,North America,Jasmine Frank,Pharmacy
Drug D,Company X,Cream,500 mg,100 ml,472,"$23,247 ",12/20/2023,Asia,Ashlee Macdonald,Hospitals
Drug D,Company V,Capsule,50 mg,100 ml,169,"$18,665 ",1/31/2024,Europe,Lori Maldonado,Pharmacy
Drug C,Company Y,Syrup,100 mg/ml,100 ml,150,"$8,735 ",10/18/2023,North America,Kristy Taylor,Supermarkets
Drug D,Company V,Injection,100 mg/ml,10 ml,1503,"$19,148 ",10/10/2023,North America,Hunter Nguyen,Clinics
Drug A,Company X,Syrup,100 mg/ml,50 g,355,"$33,093 ",5/18/2024,North America,Zachary Dyer,Hospitals
Drug A,Company W,Injection,100 mg/ml,50 g,1215,"$12,727 ",11/30/2023,North America,James Lee,Pharmacy
Drug D,Company V,Tablet,50 mg,50 g,857,"$26,479 ",8/25/2023,Asia,Phillip Adkins,Pharmacy
Drug E,Company W,Cream,250 mg,100 ml,914,"$28,345 ",2/21/2024,Africa,Roger Larsen,Hospitals
Drug E,Company V,Tablet,100 mg/ml,100 ml,1513,"$16,791 ",7/28/2024,South America,Rebecca Vargas,Supermarkets
Drug D,Company V,Injection,500 mg,100 ml,809,"$1,788 ",9/19/2023,South America,Karen Kent,Online Pharmacy
Drug A,Company X,Tablet,10 mg,10 ml,1696,"$42,076 ",3/27/2024,Africa,Heather Dawson,Pharmacy
Drug D,Company V,Cream,500 mg,50 g,1943,"$42,637 ",4/13/2024,North America,Carrie Reese,Online Pharmacy
Drug B,Company W,Cream,100 mg/ml,10 ml,794,"$5,918 ",4/14/2024,Africa,Kevin Parker,Hospitals
Drug A,Company Y,Cream,500 mg,60,601,"$7,096 ",6/28/2024,Europe,Christina Miller,Pharmacy
Drug D,Company W,Cream,100 mg/ml,30,1954,"$14,676 ",12/20/2023,Africa,John Cruz,Online Pharmacy
Drug D,Company Y,Tablet,10 mg,30,301,"$28,337 ",10/10/2023,Africa,Tommy Wise,Pharmacy
Drug D,Company Z,Cream,250 mg,50 g,648,"$34,565 ",6/10/2024,South America,James Gutierrez,Online Pharmacy
Drug E,Company W,Injection,10 mg,50 g,508,"$9,190 ",10/26/2023,Africa,Jill Mitchell,Hospitals
Drug E,Company Y,Injection,100 mg/ml,30,1259,"$21,505 ",10/5/2023,Europe,Katherine Glover,Online Pharmacy
Drug C,Company Y,Injection,100 mg/ml,60,1922,"$5,404 ",12/27/2023,Africa,Christopher Adams,Hospitals
Drug C,Company W,Tablet,100 mg/ml,100 ml,1769,"$49,043 ",10/7/2023,South America,Katrina Reid,Online Pharmacy
Drug B,Company Y,Capsule,50 mg,100 ml,348,"$40,962 ",8/7/2023,South America,Luis Wood,Hospitals
Drug C,Company Y,Cream,50 mg,50 g,317,"$17,536 ",2/29/2024,Africa,Robert Greer,Supermarkets
Drug D,Company X,Tablet,250 mg,100 ml,832,"$14,813 ",11/1/2023,North America,Michele Nguyen,Supermarkets
Drug B,Company W,Injection,50 mg,50 g,1217,"$44,230 ",8/25/2023,Asia,Tiffany Lewis,Clinics
Drug B,Company V,Tablet,10 mg,30,987,"$46,351 ",4/13/2024,Asia,Charles Ellis,Pharmacy
Drug C,Company V,Cream,100 mg/ml,30,1544,"$28,088 ",4/14/2024,South America,Alexander Underwood,Hospitals
Drug C,Company Y,Injection,10 mg,50 g,1500,"$33,627 ",11/5/2023,Africa,Arthur Henry,Hospitals
Drug B,Company V,Syrup,250 mg,100 ml,1406,"$38,824 ",12/29/2023,Europe,Dawn Le,Pharmacy
Drug B,Company Z,Injection,500 mg,50 g,1176,"$3,089 ",8/2/2023,Europe,Nicholas Caldwell,Clinics
Drug B,Company W,Syrup,500 mg,10 ml,1806,"$24,517 ",4/16/2024,South America,Kelly Parker,Online Pharmacy
Drug A,Company V,Syrup,250 mg,30,1187,"$25,578 ",10/21/2023,North America,Noah Davis,Clinics
Drug A,Company W,Cream,250 mg,10 ml,606,"$19,299 ",3/7/2024,North America,Joshua Villa,Online Pharmacy
Drug D,Company Y,Injection,50 mg,30,1824,"$35,974 ",8/3/2023,Europe,Bonnie Mason,Hospitals
Drug B,Company Y,Tablet,100 mg/ml,30,1082,"$1,598 ",9/28/2023,North America,Lorraine Gibson,Supermarkets
Drug B,Company W,Injection,500 mg,50 g,1738,"$46,460 ",3/29/2024,South America,Kimberly Lopez,Online Pharmacy
Drug A,Company Y,Capsule,250 mg,100 ml,566,"$7,773 ",9/23/2023,Europe,Lisa Burgess,Pharmacy
Drug D,Company Y,Tablet,50 mg,100 ml,1542,"$18,211 ",10/19/2023,Europe,Teresa Waters,Pharmacy
Drug B,Company Z,Capsule,250 mg,100 ml,1818,"$24,007 ",5/15/2024,Asia,Gary Foster,Supermarkets
Drug C,Company X,Cream,500 mg,10 ml,380,"$19,627 ",4/26/2024,Africa,Cassandra Allen,Clinics
Drug C,Company Y,Cream,500 mg,30,1258,"$32,636 ",10/6/2023,South America,Bryan Erickson,Clinics
Drug B,Company X,Injection,500 mg,10 ml,271,"$42,665 ",7/23/2024,Europe,Claire Henry,Pharmacy
Drug C,Company Z,Cream,100 mg/ml,60,1450,"$41,272 ",9/25/2023,Africa,Courtney Shelton,Online Pharmacy
Drug B,Company W,Capsule,500 mg,10 ml,880,"$41,888 ",2/1/2024,North America,Danny Acevedo,Online Pharmacy
Drug A,Company Z,Syrup,10 mg,100 ml,946,"$11,455 ",11/19/2023,Europe,Brian Henry,Pharmacy
Drug E,Company W,Injection,100 mg/ml,50 g,1435,"$5,947 ",6/16/2024,North America,Patricia Robertson,Hospitals
Drug C,Company Y,Capsule,100 mg/ml,50 g,662,"$42,968 ",5/4/2024,Asia,Jason Hernandez,Hospitals
Drug A,Company Z,Syrup,10 mg,10 ml,974,"$1,233 ",12/12/2023,Asia,Sabrina Villa,Online Pharmacy
Drug B,Company Y,Capsule,500 mg,100 ml,375,"$48,490 ",9/10/2023,Asia,Robert Scott,Online Pharmacy
Drug D,Company Z,Cream,100 mg/ml,60,1174,"$45,203 ",9/16/2023,Asia,Jeffrey Moore,Hospitals
Drug B,Company W,Cream,100 mg/ml,50 g,826,"$38,948 ",5/13/2024,Asia,Gregory Krause,Pharmacy
Drug D,Company W,Cream,500 mg,100 ml,1991,"$22,125 ",12/29/2023,Africa,Daniel Adkins,Pharmacy
Drug A,Company V,Tablet,10 mg,30,1847,"$3,341 ",1/28/2024,Europe,Donna Gardner,Clinics
Drug B,Company W,Tablet,10 mg,50 g,1902,"$30,721 ",10/7/2023,Africa,Eric Boyd,Online Pharmacy
Drug C,Company V,Capsule,250 mg,30,1565,"$44,406 ",5/1/2024,North America,Sabrina Barnett MD,Pharmacy
Drug A,Company Z,Syrup,10 mg,60,202,"$29,359 ",4/26/2024,Europe,Richard Matthews,Clinics
Drug E,Company W,Cream,500 mg,100 ml,1154,"$43,230 ",9/28/2023,Asia,Christine Garcia,Online Pharmacy
Drug A,Company Y,Syrup,100 mg/ml,50 g,1979,"$44,423 ",2/7/2024,Asia,Robert Becker,Supermarkets
Drug E,Company Z,Syrup,250 mg,60,1572,"$45,926 ",4/11/2024,Africa,Kimberly Hill,Clinics
Drug D,Company V,Injection,100 mg/ml,60,1732,"$15,706 ",2/29/2024,Africa,Samuel Mullen,Supermarkets
Drug D,Company X,Capsule,50 mg,100 ml,994,"$28,766 ",6/5/2024,Africa,Michael Romero,Supermarkets
Drug E,Company Z,Tablet,250 mg,10 ml,524,"$29,230 ",12/20/2023,North America,Travis Mason,Supermarkets
Drug B,Company Y,Injection,50 mg,100 ml,255,"$10,654 ",1/23/2024,North America,Aaron Miles,Clinics
Drug E,Company W,Cream,250 mg,50 g,347,"$13,939 ",4/14/2024,North America,Bryan Porter,Hospitals
Drug E,Company W,Injection,100 mg/ml,10 ml,884,"$29,077 ",3/23/2024,North America,Cynthia Ross,Pharmacy
Drug B,Company Z,Capsule,50 mg,10 ml,1415,"$35,744 ",6/6/2024,Europe,Cynthia Aguirre,Hospitals
Drug B,Company X,Tablet,10 mg,100 ml,600,"$22,592 ",5/13/2024,North America,Daniel Phillips,Hospitals
Drug E,Company Y,Tablet,500 mg,30,1568,"$22,730 ",10/23/2023,South America,Patrick Martinez,Clinics
Drug C,Company X,Syrup,100 mg/ml,30,1383,"$7,696 ",6/27/2024,North America,Suzanne Hernandez,Hospitals
Drug E,Company X,Injection,100 mg/ml,100 ml,1066,"$30,159 ",10/16/2023,Europe,Matthew Glover,Hospitals
Drug A,Company Y,Syrup,250 mg,10 ml,1759,"$31,641 ",7/7/2024,Africa,Timothy Ruiz,Pharmacy
Drug A,Company V,Capsule,50 mg,30,1040,"$45,896 ",11/9/2023,Africa,Savannah Howard,Online Pharmacy
Drug C,Company X,Injection,500 mg,60,1796,"$15,290 ",12/18/2023,Africa,Gregory Henry,Pharmacy
Drug D,Company W,Syrup,250 mg,100 ml,1545,"$2,653 ",7/26/2024,South America,Amanda Underwood,Hospitals
Drug A,Company X,Tablet,50 mg,60,1615,"$48,316 ",5/19/2024,North America,Yvette Miller,Supermarkets
Drug C,Company V,Syrup,100 mg/ml,100 ml,1793,"$3,737 ",11/29/2023,Asia,Robert Valencia,Hospitals
Drug E,Company V,Cream,250 mg,50 g,1283,"$30,409 ",4/5/2024,Africa,Robert Lucas,Hospitals
Drug A,Company Y,Cream,50 mg,10 ml,635,"$8,357 ",9/26/2023,North America,Joshua Ferguson,Online Pharmacy
Drug B,Company W,Injection,50 mg,60,1700,"$25,492 ",5/3/2024,Europe,Amy Davis,Online Pharmacy
Drug B,Company Y,Capsule,50 mg,60,1428,"$22,964 ",12/23/2023,Asia,Miguel Shah,Clinics
Drug B,Company Z,Syrup,50 mg,60,786,"$11,656 ",1/7/2024,Africa,Matthew Thomas,Pharmacy
Drug A,Company Z,Syrup,500 mg,60,973,"$3,690 ",5/1/2024,Europe,Jeffrey Woods,Pharmacy
Drug C,Company Y,Cream,10 mg,50 g,1841,"$5,308 ",12/4/2023,Europe,Lori Jones MD,Pharmacy
Drug D,Company X,Injection,100 mg/ml,100 ml,852,"$21,947 ",3/17/2024,South America,Nicole Russell,Supermarkets
Drug D,Company X,Capsule,10 mg,50 g,1005,"$20,706 ",12/13/2023,Europe,Raymond Perez,Clinics
Drug E,Company Y,Syrup,500 mg,100 ml,1746,"$9,959 ",3/26/2024,Europe,Timothy Porter,Clinics
Drug D,Company Y,Capsule,250 mg,30,1257,"$23,476 ",12/31/2023,Asia,Jose Dunn,Supermarkets
Drug A,Company X,Tablet,10 mg,50 g,1082,"$35,390 ",3/30/2024,Asia,Katelyn Fields,Pharmacy
Drug C,Company Y,Injection,10 mg,50 g,428,"$3,153 ",2/7/2024,South America,Joshua Black,Online Pharmacy
Drug C,Company Y,Syrup,100 mg/ml,60,793,"$30,051 ",5/25/2024,Asia,Travis Carrillo,Hospitals
Drug A,Company V,Cream,100 mg/ml,60,140,"$31,617 ",10/22/2023,Asia,Lisa Cobb,Supermarkets
Drug B,Company Y,Injection,500 mg,30,862,"$42,692 ",5/2/2024,Europe,Lisa Berry,Pharmacy
Drug B,Company V,Cream,250 mg,30,1888,"$35,394 ",8/18/2023,Europe,Ernest Mcgrath,Online Pharmacy
Drug E,Company X,Cream,100 mg/ml,50 g,1623,"$26,804 ",6/16/2024,Africa,Jeffrey Simpson,Clinics
Drug D,Company Z,Cream,500 mg,60,1641,"$7,106 ",8/10/2023,Europe,Richard Vasquez,Hospitals
Drug B,Company W,Cream,500 mg,60,622,"$30,194 ",3/9/2024,North America,Travis Floyd,Hospitals
Drug E,Company V,Syrup,250 mg,50 g,1529,"$22,974 ",4/26/2024,South America,Brandon Williams,Hospitals
Drug B,Company W,Tablet,10 mg,50 g,1868,"$14,793 ",6/22/2024,South America,Mary Garcia,Hospitals
Drug A,Company X,Tablet,250 mg,30,421,"$11,743 ",4/24/2024,Asia,Susan Donaldson,Clinics
Drug B,Company Y,Injection,250 mg,50 g,1140,"$11,932 ",8/9/2023,Africa,Richard Johnson,Hospitals
Drug B,Company V,Syrup,10 mg,100 ml,1689,"$48,095 ",1/31/2024,South America,Jermaine Lowe,Hospitals
Drug B,Company Z,Syrup,10 mg,30,899,"$30,188 ",1/1/2024,North America,Amanda Anderson,Hospitals
Drug B,Company Z,Cream,250 mg,10 ml,1631,"$1,499 ",6/6/2024,South America,Tammy Nguyen,Pharmacy
Drug B,Company Z,Cream,250 mg,50 g,319,"$13,155 ",5/13/2024,Asia,James Sanders,Online Pharmacy
Drug C,Company W,Syrup,500 mg,10 ml,152,"$12,327 ",10/31/2023,North America,Timothy Diaz,Online Pharmacy
Drug C,Company W,Cream,250 mg,50 g,1283,"$2,668 ",5/13/2024,South America,Trevor Keith,Clinics
Drug A,Company W,Injection,100 mg/ml,100 ml,1508,"$41,269 ",12/25/2023,North America,Charles Rice,Hospitals
Drug E,Company Y,Capsule,100 mg/ml,30,774,"$26,648 ",5/30/2024,South America,Melissa Ramos,Hospitals
Drug A,Company Z,Syrup,50 mg,30,255,"$47,763 ",3/30/2024,Africa,Christopher Stephenson,Supermarkets
Drug D,Company Z,Tablet,10 mg,10 ml,1460,"$22,865 ",10/10/2023,South America,Robert Hale,Clinics
Drug B,Company W,Cream,100 mg/ml,30,879,"$6,810 ",4/13/2024,Africa,Brian Raymond,Hospitals
Drug B,Company V,Injection,500 mg,50 g,634,"$15,232 ",7/20/2024,Asia,Monica Jones,Pharmacy
Drug C,Company X,Cream,500 mg,100 ml,1589,"$28,963 ",2/15/2024,Africa,Nichole Orozco,Pharmacy
Drug A,Company Z,Syrup,100 mg/ml,100 ml,288,"$10,918 ",11/21/2023,Africa,Paige Myers,Clinics
Drug C,Company V,Capsule,500 mg,50 g,161,"$15,335 ",7/15/2024,South America,Steve Ford,Online Pharmacy
Drug E,Company Y,Cream,500 mg,50 g,855,"$29,393 ",9/4/2023,South America,Patricia Wilson,Clinics
Drug E,Company Y,Syrup,10 mg,10 ml,488,"$48,696 ",12/13/2023,Europe,Jennifer Clark,Clinics
Drug C,Company W,Cream,50 mg,100 ml,1119,"$17,664 ",2/21/2024,Africa,Andrew Lang,Hospitals
Drug D,Company V,Tablet,250 mg,30,105,"$10,114 ",9/28/2023,Asia,Catherine Ochoa,Clinics
Drug D,Company X,Injection,100 mg/ml,100 ml,1425,"$49,691 ",11/22/2023,Africa,Kenneth Jones,Pharmacy
Drug B,Company Y,Syrup,100 mg/ml,10 ml,908,"$12,202 ",3/11/2024,Europe,Nicole Warner,Hospitals
Drug C,Company Y,Cream,250 mg,30,1479,"$39,296 ",5/29/2024,Africa,Richard Benton,Pharmacy
Drug D,Company Y,Injection,10 mg,30,1271,"$24,977 ",11/3/2023,Africa,Eric Williams,Clinics
Drug B,Company Y,Capsule,50 mg,60,255,"$3,422 ",7/26/2024,Europe,Jacqueline Jones,Hospitals
Drug B,Company Z,Injection,50 mg,100 ml,1258,"$40,096 ",1/24/2024,North America,Kelly Wolf,Clinics
Drug B,Company Z,Capsule,500 mg,100 ml,1633,"$49,748 ",8/2/2023,South America,Colin Watson,Supermarkets
Drug A,Company Z,Cream,10 mg,100 ml,115,"$42,746 ",6/27/2024,South America,Melissa Fisher,Clinics
Drug E,Company Z,Injection,500 mg,30,1666,"$31,902 ",1/5/2024,South America,Andrea Reese,Pharmacy
Drug E,Company Y,Injection,10 mg,100 ml,1141,"$14,925 ",4/28/2024,Africa,Cory Mason,Hospitals
Drug A,Company X,Capsule,500 mg,50 g,684,"$49,285 ",2/26/2024,Europe,Nathaniel Williams,Online Pharmacy
Drug C,Company W,Tablet,100 mg/ml,100 ml,125,"$27,122 ",8/25/2023,Asia,Kara Martin,Hospitals
Drug B,Company Y,Syrup,10 mg,100 ml,1257,"$9,065 ",2/13/2024,South America,Mr. Todd Miller,Online Pharmacy
Drug A,Company W,Syrup,250 mg,10 ml,512,"$38,483 ",11/29/2023,Africa,Paul Brown,Hospitals
Drug B,Company Z,Tablet,500 mg,60,1978,"$35,271 ",12/25/2023,North America,Megan Graves,Supermarkets
Drug B,Company Z,Syrup,50 mg,10 ml,452,"$27,833 ",11/1/2023,Europe,Tammy Ford,Pharmacy
Drug C,Company Y,Cream,50 mg,100 ml,1464,"$13,450 ",10/4/2023,North America,Shannon Rodriguez,Hospitals
Drug E,Company V,Cream,100 mg/ml,60,1259,"$34,258 ",10/21/2023,North America,Robert Gomez,Online Pharmacy
Drug B,Company Z,Injection,50 mg,10 ml,997,"$6,288 ",7/17/2024,North America,Joshua Owens,Supermarkets
Drug A,Company V,Cream,50 mg,60,324,"$16,995 ",10/26/2023,Europe,Rebecca Armstrong,Pharmacy
Drug A,Company X,Syrup,10 mg,100 ml,153,"$48,959 ",5/31/2024,Europe,Anthony Zimmerman,Clinics
Drug E,Company Y,Cream,10 mg,50 g,1927,"$36,009 ",8/9/2023,Africa,Travis Norton,Hospitals
Drug B,Company X,Cream,100 mg/ml,60,463,"$7,692 ",7/30/2023,Africa,Andrew Hernandez,Clinics
Drug B,Company V,Capsule,10 mg,30,1767,"$37,875 ",1/28/2024,Europe,Lindsay Obrien,Clinics
Drug D,Company W,Injection,250 mg,100 ml,1906,"$37,464 ",8/4/2023,Asia,Monica Ruiz MD,Pharmacy
Drug C,Company X,Tablet,100 mg/ml,30,1155,"$27,188 ",9/19/2023,Africa,Courtney Day,Online Pharmacy
Drug B,Company X,Capsule,50 mg,100 ml,752,"$2,969 ",5/1/2024,North America,Paul Gray,Online Pharmacy
Drug A,Company W,Injection,10 mg,30,1723,"$43,091 ",8/17/2023,Africa,Wayne Roy,Hospitals
Drug C,Company Z,Capsule,100 mg/ml,60,1337,"$22,675 ",8/5/2023,Africa,Dr. Alexis Cochran,Clinics
Drug D,Company Y,Capsule,50 mg,60,1430,"$41,328 ",8/6/2023,South America,Crystal Goodman,Supermarkets
Drug A,Company Y,Capsule,50 mg,100 ml,1184,"$27,895 ",4/29/2024,South America,Kimberly Sutton,Clinics
Drug E,Company Y,Syrup,10 mg,30,506,"$17,762 ",6/20/2024,Asia,Rhonda Williams,Pharmacy
Drug D,Company Z,Capsule,500 mg,10 ml,1085,"$1,367 ",3/5/2024,Africa,Danielle Chen,Pharmacy
Drug C,Company V,Injection,50 mg,10 ml,1151,"$23,237 ",3/28/2024,Europe,Patrick Miller,Hospitals
Drug C,Company Z,Capsule,250 mg,100 ml,157,"$17,373 ",4/6/2024,North America,Joyce Adams,Clinics
Drug D,Company W,Injection,500 mg,10 ml,1665,"$49,986 ",8/29/2023,North America,Ian Rangel,Online Pharmacy
Drug D,Company Y,Cream,50 mg,30,206,"$35,133 ",3/15/2024,Africa,Justin Montgomery,Hospitals
Drug C,Company V,Tablet,100 mg/ml,30,1348,"$37,823 ",6/24/2024,Africa,Jimmy Cox,Supermarkets
Drug D,Company V,Tablet,500 mg,60,1397,"$45,903 ",10/26/2023,Asia,Jade Collins,Clinics
Drug B,Company V,Tablet,50 mg,100 ml,1514,"$24,056 ",4/16/2024,Europe,Brittany Bradford,Clinics
Drug B,Company V,Tablet,50 mg,30,160,"$14,104 ",10/30/2023,North America,David Oconnor,Clinics
Drug C,Company V,Injection,500 mg,60,1386,"$21,572 ",2/4/2024,Asia,Deanna Becker,Hospitals
Drug C,Company Y,Cream,500 mg,60,348,"$3,487 ",3/5/2024,Africa,David Ryan,Pharmacy
Drug D,Company W,Capsule,10 mg,50 g,1100,"$3,858 ",4/17/2024,Asia,Curtis Khan,Hospitals
Drug C,Company Y,Capsule,100 mg/ml,60,514,"$39,240 ",11/11/2023,Africa,Dr. Mary Alexander,Supermarkets
Drug B,Company W,Syrup,100 mg/ml,100 ml,1752,"$38,068 ",12/29/2023,North America,Monique Cruz,Online Pharmacy
Drug A,Company W,Cream,100 mg/ml,10 ml,358,"$13,438 ",3/13/2024,Europe,Victoria Powell,Supermarkets
Drug A,Company Y,Capsule,500 mg,10 ml,506,"$28,350 ",4/10/2024,Asia,Stephen Becker,Supermarkets
Drug E,Company Y,Tablet,100 mg/ml,100 ml,1938,"$28,072 ",7/12/2024,Asia,Kirsten Dillon,Online Pharmacy
Drug B,Company V,Capsule,500 mg,10 ml,794,"$29,529 ",11/26/2023,North America,Victoria Miller,Clinics
Drug A,Company X,Injection,500 mg,10 ml,483,"$26,712 ",12/22/2023,North America,Jordan Guzman,Pharmacy
Drug D,Company V,Cream,100 mg/ml,50 g,1884,"$23,635 ",5/11/2024,Asia,Julia Rivera MD,Supermarkets
Drug D,Company Y,Cream,50 mg,10 ml,735,"$40,658 ",10/12/2023,Africa,Joseph Harris,Online Pharmacy
Drug B,Company V,Syrup,100 mg/ml,50 g,274,"$30,681 ",5/19/2024,Asia,Michael Saunders,Supermarkets
Drug C,Company V,Tablet,500 mg,50 g,1805,"$40,381 ",4/10/2024,North America,Kimberly Rice,Hospitals
Drug B,Company Y,Capsule,10 mg,50 g,873,"$28,594 ",2/10/2024,Europe,Daniel Alexander,Clinics
Drug A,Company W,Syrup,500 mg,100 ml,132,"$44,778 ",4/18/2024,Asia,Alicia Castillo,Hospitals
Drug A,Company W,Tablet,250 mg,50 g,1420,"$14,853 ",1/23/2024,Europe,Anna Odonnell,Supermarkets
Drug A,Company W,Injection,100 mg/ml,50 g,1683,"$29,645 ",10/3/2023,Europe,Gabriel Lowe,Online Pharmacy
Drug E,Company Y,Injection,250 mg,60,1143,"$43,589 ",4/25/2024,Asia,Brent Kemp,Supermarkets
Drug B,Company Z,Cream,500 mg,30,223,"$2,979 ",5/4/2024,Europe,Susan Owens,Clinics
Drug C,Company X,Syrup,10 mg,60,1324,"$4,688 ",10/6/2023,Asia,Anthony Jenkins,Clinics
Drug E,Company V,Injection,250 mg,100 ml,194,"$24,534 ",4/3/2024,Europe,Robin Coleman,Online Pharmacy
Drug C,Company Y,Tablet,10 mg,60,661,"$23,684 ",1/20/2024,Africa,Thomas Collins,Online Pharmacy
Drug B,Company Y,Tablet,10 mg,50 g,751,"$19,968 ",3/16/2024,South America,Brittany Williams,Pharmacy
Drug B,Company V,Cream,250 mg,100 ml,1257,"$23,292 ",7/26/2024,North America,Luis George,Pharmacy
Drug D,Company V,Injection,500 mg,60,302,"$13,102 ",1/10/2024,Africa,James Edwards,Online Pharmacy
Drug D,Company Y,Capsule,500 mg,100 ml,952,"$24,617 ",6/5/2024,North America,Mary Jones,Pharmacy
Drug A,Company X,Capsule,10 mg,100 ml,507,"$10,837 ",12/9/2023,Asia,Jennifer Martinez,Online Pharmacy
Drug B,Company V,Cream,10 mg,50 g,1325,"$29,008 ",9/18/2023,South America,James White,Clinics
Drug B,Company V,Tablet,10 mg,50 g,970,"$30,738 ",5/27/2024,Africa,Cindy White,Pharmacy
Drug E,Company W,Capsule,500 mg,50 g,1034,"$9,255 ",3/17/2024,Asia,Paul Schmidt,Supermarkets
Drug E,Company Z,Capsule,100 mg/ml,100 ml,1127,"$3,828 ",6/24/2024,South America,Sherry Higgins,Hospitals
Drug E,Company Z,Syrup,250 mg,30,347,"$46,219 ",5/9/2024,Africa,Shannon French,Pharmacy
Drug C,Company Y,Syrup,10 mg,50 g,1032,"$37,678 ",1/20/2024,North America,Jennifer Gonzales,Clinics
Drug B,Company Z,Tablet,50 mg,30,1105,"$35,389 ",11/23/2023,Asia,Thomas Davis,Pharmacy
Drug B,Company V,Syrup,250 mg,100 ml,107,"$11,533 ",1/26/2024,South America,Joseph Moore,Online Pharmacy
Drug E,Company Z,Cream,100 mg/ml,60,585,"$37,206 ",2/18/2024,North America,Jerry Hanson,Online Pharmacy
Drug E,Company X,Tablet,500 mg,30,1915,"$6,442 ",5/16/2024,South America,Jennifer Tucker,Online Pharmacy
Drug B,Company W,Cream,250 mg,100 ml,1228,"$47,317 ",5/12/2024,Europe,Amanda Garcia,Pharmacy
Drug D,Company X,Injection,10 mg,60,728,"$17,927 ",7/8/2024,North America,Jessica Kelly,Online Pharmacy
Drug C,Company X,Injection,50 mg,100 ml,938,"$49,452 ",12/20/2023,Europe,James Fuller,Hospitals
Drug B,Company W,Injection,100 mg/ml,50 g,1140,"$37,493 ",9/1/2023,North America,Maria Proctor,Hospitals
Drug D,Company V,Cream,250 mg,10 ml,493,"$37,610 ",9/21/2023,Europe,John Fowler,Hospitals
Drug D,Company Y,Syrup,250 mg,10 ml,1358,"$3,735 ",7/9/2024,Europe,Jason Nelson,Clinics
Drug A,Company Z,Cream,500 mg,50 g,269,"$43,198 ",10/10/2023,Asia,Marvin Wu,Pharmacy
Drug B,Company X,Cream,250 mg,30,201,"$24,265 ",10/17/2023,Asia,Emily Singleton,Online Pharmacy
Drug E,Company Y,Cream,50 mg,30,1918,"$16,223 ",2/28/2024,Asia,Colin Lee,Hospitals
Drug D,Company W,Injection,100 mg/ml,60,1337,"$12,997 ",6/26/2024,Europe,Mathew Johnson,Supermarkets
Drug D,Company X,Syrup,100 mg/ml,100 ml,483,"$25,162 ",7/31/2023,Africa,Christopher Ramirez,Supermarkets
Drug A,Company Y,Injection,500 mg,50 g,105,"$31,985 ",7/17/2024,South America,Samuel Ortiz,Supermarkets
Drug E,Company V,Cream,50 mg,60,1760,"$24,924 ",11/27/2023,Europe,Megan Reese,Online Pharmacy
Drug A,Company X,Cream,10 mg,60,835,"$35,184 ",7/16/2024,North America,Rachel White,Supermarkets
Drug B,Company Y,Injection,50 mg,10 ml,122,"$7,349 ",1/19/2024,Europe,Michael Mclaughlin,Pharmacy
Drug C,Company Y,Syrup,250 mg,30,1415,"$41,330 ",5/5/2024,Europe,Paul Gibson,Pharmacy
Drug E,Company W,Tablet,100 mg/ml,50 g,1993,"$5,212 ",3/4/2024,Africa,Timothy Sanchez,Clinics
Drug E,Company X,Tablet,500 mg,50 g,958,"$15,537 ",5/3/2024,North America,Lori Smith,Clinics
Drug A,Company W,Injection,50 mg,10 ml,1616,"$15,777 ",8/10/2023,North America,Julie Carpenter,Clinics
Drug E,Company W,Syrup,100 mg/ml,50 g,922,"$32,819 ",1/24/2024,Europe,Barbara Baldwin,Pharmacy
Drug B,Company W,Cream,10 mg,30,580,"$41,566 ",6/23/2024,Africa,Jason Brooks,Hospitals
Drug B,Company X,Tablet,250 mg,100 ml,561,"$42,268 ",5/12/2024,Asia,Linda Brown,Supermarkets
Drug C,Company W,Capsule,50 mg,30,1709,"$28,361 ",5/4/2024,South America,Ernest Moyer,Pharmacy
Drug C,Company Y,Tablet,500 mg,50 g,1662,"$43,524 ",4/22/2024,Europe,Melissa Rodriguez,Pharmacy
Drug D,Company X,Syrup,500 mg,30,643,"$42,567 ",11/7/2023,South America,Austin Bowen,Hospitals
Drug A,Company X,Capsule,100 mg/ml,10 ml,1618,"$11,577 ",7/5/2024,North America,Nicholas French,Online Pharmacy
Drug B,Company W,Cream,500 mg,60,1616,"$21,763 ",7/15/2024,Europe,Lauren Jones,Clinics
Drug B,Company X,Injection,50 mg,60,1817,"$36,872 ",6/11/2024,North America,Sean Butler,Hospitals
Drug D,Company Z,Syrup,10 mg,100 ml,280,"$29,505 ",7/29/2023,North America,Michael Wiley,Supermarkets
Drug C,Company W,Cream,100 mg/ml,10 ml,519,"$3,961 ",10/1/2023,North America,James Lara,Online Pharmacy
Drug C,Company W,Capsule,250 mg,10 ml,1355,"$9,822 ",10/5/2023,Africa,Jessica Miller,Clinics
Drug D,Company V,Cream,500 mg,100 ml,1289,"$40,553 ",7/28/2024,Europe,Alvin Rios,Hospitals
Drug D,Company Y,Injection,10 mg,60,1578,"$18,160 ",12/3/2023,Asia,James Goodman,Pharmacy
Drug D,Company Z,Cream,10 mg,100 ml,854,"$45,168 ",5/16/2024,North America,Erica Adams,Pharmacy
Drug C,Company X,Injection,250 mg,30,1875,"$19,837 ",10/11/2023,South America,Amy Cruz,Clinics
Drug C,Company Z,Cream,250 mg,50 g,1105,"$16,306 ",4/3/2024,South America,Michael Clark,Pharmacy
Drug B,Company Z,Cream,50 mg,100 ml,503,"$28,974 ",4/1/2024,South America,Joyce Lopez,Pharmacy
Drug E,Company V,Syrup,50 mg,60,1354,"$28,539 ",6/21/2024,North America,Keith Allen,Clinics
Drug C,Company V,Tablet,10 mg,100 ml,1716,"$40,609 ",4/1/2024,Asia,Paige Watkins,Supermarkets
Drug B,Company V,Tablet,250 mg,50 g,1268,"$38,392 ",6/29/2024,North America,Matthew Jones,Pharmacy
Drug B,Company Z,Tablet,500 mg,60,716,"$38,994 ",2/4/2024,South America,Taylor Williams,Pharmacy
Drug E,Company W,Tablet,250 mg,50 g,1467,"$18,147 ",6/25/2024,Asia,Diane Beltran,Online Pharmacy
Drug B,Company X,Cream,250 mg,30,501,"$8,312 ",11/1/2023,Asia,Paul Espinoza,Supermarkets
Drug B,Company V,Cream,250 mg,30,1127,"$29,324 ",7/2/2024,North America,Laurie Price,Hospitals
Drug E,Company Y,Syrup,10 mg,10 ml,814,"$22,816 ",12/16/2023,Asia,John Thompson,Clinics
Drug D,Company W,Cream,10 mg,10 ml,1056,"$4,782 ",10/7/2023,Africa,Kara Dixon,Hospitals
Drug D,Company X,Injection,10 mg,50 g,130,"$3,639 ",12/27/2023,Africa,Jamie Jones,Hospitals
Drug D,Company W,Tablet,500 mg,50 g,760,"$16,495 ",3/30/2024,Asia,Alisha Johnson,Supermarkets
Drug E,Company X,Tablet,250 mg,10 ml,961,"$47,213 ",6/7/2024,Africa,Taylor Villa,Online Pharmacy
Drug D,Company X,Cream,100 mg/ml,10 ml,1410,"$27,514 ",10/31/2023,South America,Wesley Rodriguez,Pharmacy
Drug C,Company X,Tablet,50 mg,60,1446,"$22,233 ",11/30/2023,Europe,Lisa Cisneros,Supermarkets
Drug B,Company W,Syrup,500 mg,30,1694,"$17,518 ",1/12/2024,Africa,Michael Lawson,Hospitals
Drug C,Company Y,Capsule,10 mg,10 ml,1834,"$5,964 ",3/2/2024,South America,Christopher Huang,Pharmacy
Drug E,Company V,Capsule,250 mg,100 ml,737,"$33,901 ",7/4/2024,North America,Hector Silva,Hospitals
Drug A,Company V,Tablet,500 mg,100 ml,1027,"$9,819 ",5/22/2024,Europe,Mindy Garcia,Hospitals
Drug C,Company W,Tablet,500 mg,50 g,1000,"$34,947 ",10/18/2023,South America,Timothy Gray,Online Pharmacy
Drug B,Company V,Capsule,250 mg,60,1732,"$43,643 ",6/15/2024,Africa,Paul Gilbert,Clinics
Drug E,Company Z,Cream,250 mg,30,1686,"$38,320 ",1/11/2024,Europe,Raymond Diaz,Clinics
Drug C,Company Z,Tablet,50 mg,10 ml,1880,"$13,397 ",1/8/2024,South America,Kenneth Mack,Supermarkets
Drug C,Company V,Cream,10 mg,100 ml,363,"$3,071 ",3/15/2024,Asia,Michelle Ellis,Online Pharmacy
Drug E,Company W,Capsule,10 mg,10 ml,152,"$27,219 ",2/28/2024,North America,Steven Lewis,Hospitals
Drug D,Company X,Capsule,50 mg,50 g,1989,"$39,898 ",8/5/2023,Europe,Wendy Baker,Online Pharmacy
Drug C,Company Z,Cream,100 mg/ml,30,729,"$17,817 ",3/16/2024,North America,Elizabeth Weber,Pharmacy
Drug E,Company X,Injection,100 mg/ml,50 g,828,"$3,572 ",1/8/2024,North America,Mark Gilbert,Supermarkets
Drug E,Company Z,Cream,10 mg,60,984,"$43,213 ",7/31/2023,North America,Craig Reyes,Online Pharmacy
Drug E,Company Z,Syrup,10 mg,10 ml,1911,"$40,843 ",1/19/2024,Asia,Linda Miller,Supermarkets
Drug E,Company W,Cream,10 mg,30,846,"$18,094 ",5/2/2024,Asia,Michael Pena,Online Pharmacy
Drug D,Company X,Injection,10 mg,100 ml,415,"$30,785 ",5/24/2024,Africa,Dr. Guy Mcguire,Hospitals
Drug D,Company V,Cream,10 mg,100 ml,1507,"$32,408 ",2/2/2024,Asia,James Glenn,Clinics
Drug B,Company V,Injection,500 mg,50 g,889,"$4,285 ",5/6/2024,South America,Susan Holloway,Clinics
Drug A,Company V,Tablet,50 mg,30,983,"$39,307 ",1/26/2024,South America,Isaac Moore,Online Pharmacy
Drug E,Company Y,Syrup,100 mg/ml,60,743,"$38,388 ",7/4/2024,North America,Alison Santos DDS,Hospitals
Drug D,Company V,Capsule,250 mg,30,255,"$27,581 ",6/5/2024,South America,Michael Scott,Online Pharmacy
Drug D,Company Y,Syrup,50 mg,30,965,"$12,117 ",8/30/2023,Asia,Natasha Murray,Pharmacy
Drug E,Company X,Capsule,50 mg,10 ml,254,"$2,928 ",8/19/2023,North America,David Lee,Pharmacy
Drug E,Company V,Injection,100 mg/ml,60,1006,"$35,619 ",12/6/2023,South America,Miss Debbie Willis,Pharmacy
Drug E,Company X,Tablet,250 mg,10 ml,578,"$21,030 ",2/13/2024,North America,Briana Henry,Clinics
Drug E,Company W,Capsule,100 mg/ml,100 ml,1284,"$40,997 ",7/29/2023,North America,Jennifer Marsh,Online Pharmacy
Drug C,Company V,Capsule,10 mg,100 ml,1832,"$22,662 ",7/11/2024,Africa,Rachel Weaver,Supermarkets
Drug C,Company Z,Capsule,250 mg,60,698,"$42,700 ",8/30/2023,Europe,Michael Hodges,Pharmacy
Drug D,Company W,Injection,50 mg,100 ml,174,"$28,115 ",9/8/2023,Africa,James Taylor,Hospitals
Drug D,Company Z,Cream,250 mg,100 ml,247,"$2,564 ",4/30/2024,North America,Ms. Jamie Nunez DVM,Pharmacy
Drug B,Company V,Capsule,500 mg,10 ml,1585,"$22,796 ",4/22/2024,Europe,Catherine Li,Pharmacy
Drug E,Company Y,Tablet,50 mg,50 g,1212,"$30,821 ",2/5/2024,South America,Lauren Taylor,Supermarkets
Drug E,Company Y,Syrup,100 mg/ml,100 ml,1322,"$41,761 ",5/15/2024,South America,Daniel Moore,Pharmacy
Drug D,Company X,Cream,50 mg,60,1258,"$22,547 ",8/30/2023,Europe,Joseph Blair,Hospitals
Drug E,Company V,Cream,50 mg,10 ml,1589,"$28,938 ",11/24/2023,South America,William Foley,Hospitals
Drug B,Company V,Tablet,500 mg,10 ml,908,"$44,347 ",11/24/2023,Asia,Alexis Davis,Hospitals
Drug E,Company Y,Injection,100 mg/ml,60,888,"$22,714 ",1/4/2024,Asia,Nathan Contreras,Pharmacy
Drug B,Company Y,Cream,250 mg,60,1591,"$6,484 ",9/11/2023,Asia,Wendy Finley,Clinics
Drug B,Company Y,Syrup,50 mg,50 g,1266,"$27,371 ",12/5/2023,North America,Vanessa Wood,Clinics
Drug C,Company V,Capsule,10 mg,30,1335,"$1,534 ",7/7/2024,Europe,Laurie Gonzalez,Pharmacy
Drug D,Company Y,Tablet,10 mg,30,790,"$9,353 ",1/23/2024,Europe,Natalie Evans,Clinics
Drug C,Company W,Tablet,100 mg/ml,10 ml,408,"$31,302 ",2/24/2024,South America,Marissa Adams,Clinics
Drug A,Company W,Injection,250 mg,50 g,1613,"$49,778 ",11/24/2023,South America,Michael Mosley,Clinics
Drug B,Company V,Capsule,500 mg,50 g,1046,"$41,599 ",8/23/2023,South America,Michael Knight,Online Pharmacy
Drug A,Company W,Syrup,250 mg,60,769,"$38,634 ",5/8/2024,Asia,Ashley Johnson,Clinics
Drug D,Company Y,Tablet,250 mg,30,1661,"$40,534 ",1/1/2024,Europe,Christopher Clayton,Hospitals
Drug D,Company Z,Injection,50 mg,100 ml,1541,"$36,377 ",8/14/2023,South America,Tara Harris,Online Pharmacy
Drug C,Company Z,Injection,250 mg,50 g,286,"$30,863 ",9/9/2023,Europe,Roberto Bryant,Online Pharmacy
Drug C,Company X,Cream,100 mg/ml,100 ml,1432,"$43,247 ",6/21/2024,Africa,Janet Fritz,Supermarkets
Drug E,Company V,Tablet,500 mg,50 g,249,"$21,795 ",9/20/2023,Asia,Elizabeth Melendez,Hospitals
Drug B,Company W,Cream,10 mg,30,1441,"$15,841 ",8/11/2023,Africa,William Baker,Supermarkets
Drug B,Company X,Syrup,500 mg,30,1951,"$18,265 ",6/2/2024,Africa,Eugene Mccarthy MD,Hospitals
Drug B,Company Y,Cream,500 mg,100 ml,1017,"$10,342 ",7/2/2024,North America,Richard Day,Hospitals
Drug A,Company W,Syrup,250 mg,60,1287,"$45,058 ",2/8/2024,North America,Michael Freeman,Supermarkets
Drug B,Company Z,Tablet,10 mg,100 ml,1236,"$48,538 ",7/2/2024,South America,Dale Wright,Supermarkets
Drug E,Company Y,Capsule,10 mg,10 ml,1368,"$6,205 ",3/18/2024,North America,Stephanie Gutierrez,Online Pharmacy
Drug A,Company V,Capsule,100 mg/ml,100 ml,936,"$10,109 ",3/24/2024,Asia,Vincent Espinoza,Pharmacy
Drug C,Company V,Injection,500 mg,60,676,"$37,726 ",12/24/2023,Asia,Allen Cortez,Clinics
Drug E,Company Y,Injection,100 mg/ml,30,338,"$11,276 ",9/8/2023,Africa,Thomas Camacho,Supermarkets
Drug A,Company W,Capsule,500 mg,50 g,1131,"$33,794 ",1/30/2024,Asia,James Ryan,Supermarkets
Drug B,Company V,Cream,10 mg,100 ml,1415,"$40,903 ",7/29/2023,South America,Javier Gonzales DDS,Pharmacy
Drug C,Company Y,Capsule,250 mg,50 g,1737,"$27,260 ",1/19/2024,North America,Jessica Turner,Hospitals
Drug E,Company X,Syrup,50 mg,100 ml,689,"$19,199 ",2/6/2024,Africa,James Sanchez,Supermarkets
Drug D,Company W,Tablet,250 mg,30,961,"$17,111 ",1/2/2024,Europe,Christy Morgan,Clinics
Drug E,Company W,Tablet,250 mg,100 ml,523,"$39,012 ",2/29/2024,Africa,Lauren Gutierrez,Online Pharmacy
Drug C,Company W,Cream,100 mg/ml,100 ml,124,"$17,741 ",11/1/2023,North America,Jerry Fry,Hospitals
Drug B,Company Z,Injection,50 mg,100 ml,1579,"$29,112 ",10/10/2023,Asia,Lisa Powell,Online Pharmacy
Drug D,Company V,Injection,10 mg,30,465,"$47,839 ",3/10/2024,Europe,Gregory Wright,Pharmacy
Drug B,Company V,Tablet,500 mg,50 g,106,"$16,139 ",4/30/2024,Europe,Kenneth Torres,Clinics
Drug D,Company W,Cream,10 mg,100 ml,129,"$33,103 ",12/12/2023,Asia,Kathy Garza,Pharmacy
Drug C,Company V,Injection,100 mg/ml,30,179,"$44,121 ",9/7/2023,Asia,Ryan Taylor,Hospitals
Drug A,Company X,Capsule,500 mg,30,509,"$10,346 ",3/18/2024,Africa,Brenda Martin,Pharmacy
Drug A,Company Y,Injection,10 mg,60,1543,"$28,043 ",3/16/2024,South America,Robert Petersen,Supermarkets
Drug C,Company V,Cream,250 mg,100 ml,517,"$39,197 ",1/3/2024,South America,Gary Moon,Hospitals
Drug E,Company X,Syrup,50 mg,60,938,"$27,950 ",1/13/2024,Asia,Patricia Cowan,Clinics
Drug B,Company Z,Tablet,50 mg,60,1468,"$33,405 ",5/7/2024,Europe,Tina Hernandez,Pharmacy
Drug E,Company Z,Tablet,100 mg/ml,100 ml,1397,"$14,728 ",2/28/2024,Africa,Nathaniel Weiss,Online Pharmacy
Drug D,Company W,Cream,250 mg,10 ml,230,"$44,042 ",1/2/2024,North America,Timothy Frank,Online Pharmacy
Drug D,Company W,Tablet,100 mg/ml,60,498,"$26,954 ",8/27/2023,North America,William Allen,Online Pharmacy
Drug C,Company Z,Cream,50 mg,100 ml,1501,"$49,128 ",10/31/2023,South America,Corey Walsh,Supermarkets
Drug B,Company X,Syrup,50 mg,30,190,"$40,850 ",1/9/2024,Asia,April Parker,Supermarkets
Drug E,Company Y,Injection,10 mg,30,1984,"$49,839 ",12/3/2023,Europe,Sean Duncan,Clinics
Drug D,Company Y,Capsule,500 mg,50 g,1919,"$29,695 ",1/14/2024,South America,Brenda Bauer,Online Pharmacy
Drug B,Company Z,Capsule,500 mg,10 ml,655,"$8,141 ",6/15/2024,Asia,Austin Wright,Pharmacy
Drug D,Company W,Cream,100 mg/ml,30,935,"$46,285 ",9/21/2023,Asia,Amy Mitchell,Supermarkets
Drug E,Company W,Cream,50 mg,30,1565,"$13,345 ",1/10/2024,Africa,Michael Sanchez,Online Pharmacy
Drug B,Company Y,Tablet,100 mg/ml,50 g,769,"$24,713 ",8/27/2023,Europe,Mrs. Hayley Hunter MD,Supermarkets
Drug E,Company V,Capsule,250 mg,10 ml,1624,"$13,764 ",9/11/2023,Africa,Sandra Davis,Supermarkets
Drug A,Company W,Syrup,50 mg,60,676,"$35,872 ",5/29/2024,Europe,Joyce Travis,Online Pharmacy
Drug A,Company Y,Syrup,50 mg,50 g,906,"$12,431 ",3/1/2024,North America,Susan Ali,Clinics
Drug A,Company Y,Cream,50 mg,10 ml,1870,"$4,688 ",3/15/2024,South America,Lori Bass,Pharmacy
Drug A,Company W,Capsule,100 mg/ml,50 g,1810,"$27,443 ",8/13/2023,Europe,Michael Gray,Pharmacy
Drug B,Company X,Capsule,10 mg,60,427,"$8,379 ",4/14/2024,North America,Dr. Abigail Jackson,Clinics
Drug D,Company X,Injection,50 mg,100 ml,1340,"$32,355 ",2/21/2024,North America,Rebecca Harrison,Pharmacy
Drug C,Company V,Cream,50 mg,60,1084,"$40,033 ",12/19/2023,North America,Stacey Collins,Clinics
Drug C,Company W,Capsule,500 mg,60,1441,"$5,001 ",2/16/2024,Africa,Mr. Jacob Stokes DDS,Online Pharmacy
Drug E,Company X,Cream,500 mg,100 ml,1440,"$35,398 ",7/28/2024,South America,Lindsay Hall,Pharmacy
Drug A,Company Z,Syrup,100 mg/ml,100 ml,891,"$27,927 ",10/12/2023,North America,Mary Steele,Clinics
Drug A,Company X,Cream,100 mg/ml,30,1718,"$27,940 ",9/6/2023,Africa,Scott Bowers,Clinics
Drug D,Company X,Cream,50 mg,50 g,1367,"$45,734 ",1/16/2024,South America,Gabriella West,Pharmacy
Drug A,Company Y,Injection,100 mg/ml,100 ml,1899,"$19,924 ",9/17/2023,Asia,Allison Barker,Clinics
Drug E,Company Y,Tablet,500 mg,100 ml,824,"$49,294 ",12/23/2023,North America,Jeffery Tran,Clinics
Drug A,Company W,Cream,250 mg,100 ml,1964,"$33,741 ",7/21/2024,North America,Christopher Jones,Online Pharmacy
Drug B,Company W,Tablet,50 mg,50 g,1091,"$46,316 ",4/21/2024,Asia,Annette Snyder,Clinics
Drug A,Company Z,Tablet,100 mg/ml,10 ml,247,"$35,441 ",10/7/2023,South America,Erika Reed,Online Pharmacy
Drug D,Company V,Capsule,100 mg/ml,60,1598,"$4,074 ",8/18/2023,Europe,Daniel Lee,Hospitals
Drug A,Company X,Capsule,50 mg,50 g,679,"$22,164 ",11/12/2023,Africa,Nicholas Carey,Pharmacy
Drug E,Company V,Injection,250 mg,30,1521,"$35,865 ",2/22/2024,Europe,Teresa Lewis,Clinics
Drug C,Company W,Tablet,250 mg,60,347,"$25,965 ",5/10/2024,Africa,Alyssa Craig,Clinics
Drug A,Company Y,Injection,10 mg,100 ml,740,"$37,678 ",6/30/2024,Asia,Chris Wise,Clinics
Drug B,Company V,Tablet,100 mg/ml,60,872,"$10,189 ",3/11/2024,Asia,Keith Burton,Online Pharmacy
Drug E,Company Y,Cream,10 mg,10 ml,449,"$18,843 ",4/24/2024,South America,Susan Ellison,Pharmacy
Drug B,Company Z,Syrup,500 mg,100 ml,1835,"$37,032 ",6/25/2024,South America,Margaret Duncan,Clinics
Drug B,Company Y,Cream,10 mg,30,413,"$38,333 ",6/13/2024,Europe,Jennifer Nelson,Clinics
Drug D,Company V,Syrup,500 mg,30,913,"$42,870 ",9/17/2023,North America,Donna Peters,Clinics
Drug C,Company Z,Cream,250 mg,100 ml,1075,"$45,857 ",3/4/2024,Asia,Michael Palmer,Supermarkets
Drug D,Company X,Syrup,10 mg,30,1600,"$21,517 ",6/22/2024,South America,Daniel Collins,Hospitals
Drug B,Company W,Injection,250 mg,10 ml,576,"$40,961 ",12/19/2023,Asia,Ms. Alexis Robertson,Supermarkets
Drug A,Company V,Syrup,100 mg/ml,30,1265,"$32,484 ",12/13/2023,Africa,Stephen Reed,Pharmacy
Drug A,Company V,Cream,100 mg/ml,10 ml,529,"$6,114 ",6/30/2024,Africa,Joshua Hebert,Pharmacy
Drug A,Company V,Syrup,500 mg,100 ml,424,"$36,660 ",11/15/2023,North America,Anthony King,Pharmacy
Drug A,Company Z,Injection,50 mg,60,1902,"$4,193 ",2/18/2024,Asia,Amy Bentley,Online Pharmacy
Drug A,Company W,Injection,100 mg/ml,60,1560,"$33,167 ",1/5/2024,Asia,Lori Cole,Pharmacy
Drug E,Company Z,Capsule,10 mg,60,375,"$13,847 ",9/11/2023,South America,Jesse Choi,Clinics
Drug C,Company X,Cream,10 mg,10 ml,1663,"$47,873 ",4/12/2024,North America,Vanessa Watson,Clinics
Drug D,Company W,Cream,100 mg/ml,100 ml,997,"$34,888 ",4/24/2024,Europe,Brian Cole,Online Pharmacy
Drug A,Company W,Tablet,10 mg,60,1718,"$35,098 ",11/9/2023,South America,Joshua Johnson,Pharmacy
Drug E,Company Y,Injection,250 mg,10 ml,324,"$15,547 ",2/14/2024,South America,Anne Coleman,Supermarkets
Drug A,Company W,Tablet,500 mg,60,1929,"$15,465 ",7/18/2024,Asia,Melanie Mccoy DDS,Clinics
Drug D,Company Z,Injection,100 mg/ml,10 ml,1206,"$44,930 ",2/4/2024,Africa,William Blackburn,Online Pharmacy
Drug D,Company X,Capsule,10 mg,60,1937,"$16,796 ",1/18/2024,Europe,Alyssa Harvey,Hospitals
Drug D,Company Z,Cream,50 mg,100 ml,1705,"$9,606 ",11/30/2023,Asia,Jack Carpenter,Supermarkets
Drug C,Company X,Cream,250 mg,100 ml,938,"$21,278 ",7/29/2023,South America,Robert Gordon,Pharmacy
Drug B,Company V,Tablet,50 mg,100 ml,1566,"$25,494 ",8/29/2023,South America,Dawn Bryant,Online Pharmacy
Drug D,Company X,Injection,50 mg,30,1644,"$23,908 ",12/26/2023,South America,Darren Lowe,Supermarkets
Drug B,Company V,Injection,10 mg,30,765,"$37,749 ",11/13/2023,South America,Anna Page,Pharmacy
Drug D,Company Z,Syrup,100 mg/ml,50 g,946,"$40,826 ",1/5/2024,South America,Eric Wolf,Clinics
Drug D,Company V,Syrup,250 mg,60,399,"$2,187 ",3/15/2024,Asia,Leslie Chapman,Clinics
Drug A,Company W,Cream,250 mg,60,1193,"$37,828 ",12/29/2023,Africa,Margaret Davies,Pharmacy
Drug D,Company Y,Capsule,10 mg,100 ml,187,"$42,709 ",4/5/2024,North America,Nancy Woods,Hospitals
Drug B,Company Y,Syrup,10 mg,10 ml,1360,"$35,945 ",9/8/2023,Africa,Samuel Peterson,Pharmacy
Drug B,Company W,Injection,250 mg,60,872,"$22,950 ",2/11/2024,Europe,Donald Kennedy,Supermarkets
Drug B,Company X,Tablet,50 mg,100 ml,537,"$44,378 ",9/21/2023,Africa,Olivia Smith,Online Pharmacy
Drug E,Company Y,Cream,100 mg/ml,50 g,696,"$49,562 ",2/20/2024,South America,Gloria Curry,Online Pharmacy
Drug A,Company Y,Cream,50 mg,60,357,"$35,849 ",5/6/2024,North America,Rachel Donaldson,Online Pharmacy
Drug B,Company V,Syrup,250 mg,100 ml,1179,"$43,406 ",12/25/2023,Africa,Mark Johnston,Hospitals
Drug B,Company W,Capsule,100 mg/ml,10 ml,1352,"$41,492 ",3/22/2024,South America,Danny Porter,Hospitals
Drug B,Company Z,Tablet,250 mg,100 ml,1691,"$17,378 ",5/27/2024,South America,Tracy Russell,Clinics
Drug E,Company W,Capsule,50 mg,10 ml,680,"$37,383 ",9/22/2023,North America,Matthew Medina,Supermarkets
Drug E,Company Y,Syrup,50 mg,50 g,971,"$22,075 ",11/18/2023,Europe,Erin Molina,Pharmacy
Drug E,Company Y,Tablet,50 mg,50 g,1321,"$26,875 ",4/28/2024,South America,Ronald Owens,Clinics
Drug D,Company Z,Capsule,500 mg,100 ml,1134,"$12,807 ",9/27/2023,North America,Lori Russo,Pharmacy
Drug B,Company W,Injection,500 mg,100 ml,163,"$36,531 ",4/13/2024,North America,Katherine Doyle,Online Pharmacy
Drug C,Company V,Injection,250 mg,10 ml,641,"$19,362 ",8/24/2023,Asia,Matthew Thompson,Pharmacy
Drug C,Company X,Injection,100 mg/ml,100 ml,1114,"$46,343 ",2/29/2024,North America,Travis Goodman,Hospitals
Drug A,Company X,Tablet,500 mg,100 ml,1128,"$25,909 ",8/23/2023,North America,Emily Alexander,Clinics
Drug B,Company X,Syrup,100 mg/ml,100 ml,455,"$19,258 ",12/24/2023,North America,Susan Arroyo,Clinics
Drug C,Company Z,Capsule,50 mg,10 ml,1660,"$1,292 ",12/25/2023,North America,Douglas Holloway,Clinics
Drug C,Company X,Tablet,100 mg/ml,50 g,582,"$6,514 ",6/6/2024,South America,Christina Mata,Supermarkets
Drug A,Company W,Injection,100 mg/ml,60,716,"$7,865 ",10/13/2023,North America,Christopher Miranda,Hospitals
Drug E,Company X,Syrup,500 mg,50 g,200,"$15,045 ",6/20/2024,Europe,Ms. Olivia Murray,Supermarkets
Drug E,Company Y,Capsule,500 mg,30,151,"$13,928 ",1/15/2024,Europe,Kimberly Miller,Pharmacy
Drug D,Company Z,Injection,500 mg,60,1084,"$10,084 ",10/26/2023,North America,Thomas Tran,Online Pharmacy
Drug C,Company V,Injection,250 mg,60,369,"$27,023 ",7/5/2024,South America,Holly Jones,Clinics
Drug C,Company Y,Tablet,500 mg,30,1689,"$42,571 ",9/2/2023,North America,Joshua Jackson,Online Pharmacy
Drug D,Company Z,Capsule,250 mg,30,1435,"$33,459 ",11/13/2023,North America,Sara Sullivan,Hospitals
Drug E,Company Z,Injection,50 mg,50 g,433,"$5,852 ",11/19/2023,Asia,Jeffrey Bruce,Supermarkets
Drug A,Company Z,Cream,500 mg,50 g,425,"$30,089 ",2/25/2024,South America,Mark Newman,Pharmacy
Drug C,Company V,Tablet,50 mg,60,1331,"$23,249 ",7/18/2024,Europe,Michael Gonzalez,Clinics
Drug D,Company Y,Tablet,500 mg,50 g,700,"$14,747 ",9/21/2023,Asia,John Sloan,Online Pharmacy
Drug A,Company Z,Capsule,250 mg,60,1290,"$26,612 ",8/4/2023,Africa,Mark Phillips,Hospitals
Drug C,Company X,Tablet,10 mg,30,1697,"$22,505 ",12/15/2023,Asia,Kristina Shepard,Clinics
Drug B,Company Y,Capsule,50 mg,60,1435,"$12,698 ",1/28/2024,Asia,Paul Garcia,Supermarkets
Drug C,Company Y,Tablet,250 mg,50 g,676,"$37,974 ",3/13/2024,Asia,Colleen Proctor,Supermarkets
Drug E,Company V,Tablet,500 mg,10 ml,1529,"$37,893 ",5/26/2024,Europe,Frank Lara,Clinics
Drug C,Company V,Capsule,10 mg,10 ml,1904,"$47,774 ",6/13/2024,Africa,Richard Wilson,Pharmacy
Drug D,Company Y,Injection,100 mg/ml,60,274,"$36,990 ",2/18/2024,Europe,Christopher Sutton,Supermarkets
Drug B,Company Z,Cream,50 mg,10 ml,974,"$13,263 ",7/12/2024,Asia,Andrew Simpson,Clinics
Drug C,Company Y,Syrup,100 mg/ml,30,1169,"$30,037 ",4/17/2024,Asia,Heather Butler,Online Pharmacy
Drug C,Company Y,Capsule,500 mg,10 ml,1922,"$30,322 ",10/23/2023,Asia,Suzanne Hopkins DVM,Supermarkets
Drug B,Company V,Syrup,100 mg/ml,60,1656,"$2,052 ",7/19/2024,Europe,Spencer Bird,Hospitals
Drug D,Company V,Tablet,500 mg,30,999,"$1,790 ",6/11/2024,Europe,John Weaver,Pharmacy
Drug D,Company Y,Cream,500 mg,10 ml,1027,"$5,568 ",3/17/2024,Europe,Anthony Mclean MD,Online Pharmacy
Drug C,Company Z,Tablet,250 mg,100 ml,202,"$35,739 ",3/19/2024,Asia,Wendy Shepherd,Supermarkets
Drug C,Company Y,Capsule,100 mg/ml,100 ml,868,"$39,318 ",3/5/2024,North America,Erica Patterson,Supermarkets
Drug C,Company Z,Cream,100 mg/ml,30,783,"$7,230 ",8/7/2023,North America,Justin Li,Pharmacy
Drug A,Company Y,Tablet,100 mg/ml,60,624,"$39,173 ",3/27/2024,Europe,George Reyes,Pharmacy
Drug A,Company Z,Tablet,50 mg,30,144,"$31,678 ",2/2/2024,South America,Stephen Day DDS,Online Pharmacy
Drug B,Company X,Injection,50 mg,10 ml,1705,"$3,950 ",2/2/2024,North America,James Roberson,Pharmacy
Drug A,Company Y,Injection,50 mg,100 ml,1435,"$11,503 ",1/29/2024,North America,Tanya Thompson,Pharmacy
Drug D,Company Y,Tablet,50 mg,50 g,1882,"$23,935 ",10/16/2023,North America,Allison Bennett,Clinics
Drug C,Company W,Injection,100 mg/ml,100 ml,1018,"$42,507 ",7/13/2024,Europe,Adam Jones,Hospitals
Drug E,Company V,Capsule,500 mg,100 ml,1895,"$40,085 ",10/19/2023,North America,Monique Morton,Hospitals
Drug C,Company X,Cream,250 mg,50 g,634,"$27,518 ",8/31/2023,South America,Audrey Neal,Pharmacy
Drug B,Company Z,Capsule,100 mg/ml,50 g,598,"$44,610 ",8/1/2023,North America,Scott Williams,Supermarkets
Drug A,Company Y,Injection,50 mg,60,1619,"$35,793 ",7/15/2024,North America,Darryl Rivera,Online Pharmacy
Drug B,Company X,Syrup,100 mg/ml,100 ml,359,"$36,979 ",12/6/2023,North America,Molly Adams,Clinics
Drug E,Company Y,Cream,50 mg,100 ml,1502,"$12,221 ",11/24/2023,Europe,Michele Vance,Clinics
Drug C,Company W,Tablet,250 mg,30,1552,"$11,238 ",4/26/2024,Asia,John Anthony,Online Pharmacy
Drug C,Company W,Capsule,50 mg,10 ml,1152,"$39,119 ",4/26/2024,North America,Joseph Smith,Clinics
Drug A,Company X,Syrup,100 mg/ml,60,996,"$46,219 ",8/6/2023,Africa,Mary Hanson,Pharmacy
